%YAML 1.1
%TAG !u! tag:unity3d.com,2011:
--- !u!1001 &100100000
Prefab:
  m_ObjectHideFlags: 1
  serializedVersion: 2
  m_Modification:
    m_TransformParent: {fileID: 0}
    m_Modifications: []
    m_RemovedComponents: []
  m_SourcePrefab: {fileID: 0}
  m_RootGameObject: {fileID: 1209433632784542}
  m_IsPrefabAsset: 1
--- !u!1 &1044310402135076
GameObject:
  m_ObjectHideFlags: 1
  m_CorrespondingSourceObject: {fileID: 0}
  m_PrefabInternal: {fileID: 100100000}
  serializedVersion: 6
  m_Component:
  - component: {fileID: 4802691963844612}
  - component: {fileID: 114014453661914708}
  m_Layer: 0
  m_Name: MiddleKnuckle
  m_TagString: Untagged
  m_Icon: {fileID: 0}
  m_NavMeshLayer: 0
  m_StaticEditorFlags: 0
  m_IsActive: 1
--- !u!1 &1050356722165678
GameObject:
  m_ObjectHideFlags: 1
  m_CorrespondingSourceObject: {fileID: 0}
  m_PrefabInternal: {fileID: 100100000}
  serializedVersion: 6
  m_Component:
  - component: {fileID: 4487367508680182}
  - component: {fileID: 114083172365936746}
  m_Layer: 0
  m_Name: MiddleDistalJoint
  m_TagString: Untagged
  m_Icon: {fileID: 0}
  m_NavMeshLayer: 0
  m_StaticEditorFlags: 0
  m_IsActive: 1
--- !u!1 &1065251372945854
GameObject:
  m_ObjectHideFlags: 1
  m_CorrespondingSourceObject: {fileID: 0}
  m_PrefabInternal: {fileID: 100100000}
  serializedVersion: 6
  m_Component:
  - component: {fileID: 4646621432825918}
  - component: {fileID: 114499705102327778}
  m_Layer: 0
  m_Name: RingKnuckle
  m_TagString: Untagged
  m_Icon: {fileID: 0}
  m_NavMeshLayer: 0
  m_StaticEditorFlags: 0
  m_IsActive: 1
--- !u!1 &1067389448413244
GameObject:
  m_ObjectHideFlags: 1
  m_CorrespondingSourceObject: {fileID: 0}
  m_PrefabInternal: {fileID: 100100000}
  serializedVersion: 6
  m_Component:
  - component: {fileID: 4361981805521018}
  - component: {fileID: 114073550503908204}
  m_Layer: 0
  m_Name: ThumbProximalJoint
  m_TagString: Untagged
  m_Icon: {fileID: 0}
  m_NavMeshLayer: 0
  m_StaticEditorFlags: 0
  m_IsActive: 1
--- !u!1 &1103399272583268
GameObject:
  m_ObjectHideFlags: 1
  m_CorrespondingSourceObject: {fileID: 0}
  m_PrefabInternal: {fileID: 100100000}
  serializedVersion: 6
  m_Component:
  - component: {fileID: 4501081147846528}
  - component: {fileID: 114363730925029892}
  m_Layer: 0
  m_Name: MiddleMiddleJoint
  m_TagString: Untagged
  m_Icon: {fileID: 0}
  m_NavMeshLayer: 0
  m_StaticEditorFlags: 0
  m_IsActive: 1
--- !u!1 &1199920766830122
GameObject:
  m_ObjectHideFlags: 1
  m_CorrespondingSourceObject: {fileID: 0}
  m_PrefabInternal: {fileID: 100100000}
  serializedVersion: 6
  m_Component:
  - component: {fileID: 4124091777796982}
  - component: {fileID: 114034435870478348}
  m_Layer: 0
  m_Name: ThumbProximalJoint
  m_TagString: Untagged
  m_Icon: {fileID: 0}
  m_NavMeshLayer: 0
  m_StaticEditorFlags: 0
  m_IsActive: 1
--- !u!1 &1204107891731644
GameObject:
  m_ObjectHideFlags: 1
  m_CorrespondingSourceObject: {fileID: 0}
  m_PrefabInternal: {fileID: 100100000}
  serializedVersion: 6
  m_Component:
  - component: {fileID: 4808828023426882}
  - component: {fileID: 114642144964322026}
  m_Layer: 0
  m_Name: PinkyMiddleJoint
  m_TagString: Untagged
  m_Icon: {fileID: 0}
  m_NavMeshLayer: 0
  m_StaticEditorFlags: 0
  m_IsActive: 1
--- !u!1 &1209433632784542
GameObject:
  m_ObjectHideFlags: 0
  m_CorrespondingSourceObject: {fileID: 0}
  m_PrefabInternal: {fileID: 100100000}
  serializedVersion: 6
  m_Component:
  - component: {fileID: 4621987102946668}
  - component: {fileID: 114689833834439570}
  - component: {fileID: 114055143208214244}
  m_Layer: 0
  m_Name: Attachment Hands Monk Left
  m_TagString: MonkSetL
  m_Icon: {fileID: 0}
  m_NavMeshLayer: 0
  m_StaticEditorFlags: 0
  m_IsActive: 1
--- !u!1 &1229268237439656
GameObject:
  m_ObjectHideFlags: 1
  m_CorrespondingSourceObject: {fileID: 0}
  m_PrefabInternal: {fileID: 100100000}
  serializedVersion: 6
  m_Component:
  - component: {fileID: 4170708553642666}
  - component: {fileID: 114938165432325318}
  m_Layer: 0
  m_Name: PinkyDistalJoint
  m_TagString: Untagged
  m_Icon: {fileID: 0}
  m_NavMeshLayer: 0
  m_StaticEditorFlags: 0
  m_IsActive: 1
--- !u!1 &1234154391001232
GameObject:
  m_ObjectHideFlags: 1
  m_CorrespondingSourceObject: {fileID: 0}
  m_PrefabInternal: {fileID: 100100000}
  serializedVersion: 6
  m_Component:
  - component: {fileID: 4261371037752960}
  - component: {fileID: 114477183329298014}
  m_Layer: 0
  m_Name: MiddleTip
  m_TagString: Untagged
  m_Icon: {fileID: 0}
  m_NavMeshLayer: 0
  m_StaticEditorFlags: 0
  m_IsActive: 1
--- !u!1 &1272525248687562
GameObject:
  m_ObjectHideFlags: 1
  m_CorrespondingSourceObject: {fileID: 0}
  m_PrefabInternal: {fileID: 100100000}
  serializedVersion: 6
  m_Component:
  - component: {fileID: 4541921967973744}
  - component: {fileID: 114741491814441910}
  m_Layer: 0
  m_Name: IndexMiddleJoint
  m_TagString: Untagged
  m_Icon: {fileID: 0}
  m_NavMeshLayer: 0
  m_StaticEditorFlags: 0
  m_IsActive: 1
--- !u!1 &1299164098498954
GameObject:
  m_ObjectHideFlags: 1
  m_CorrespondingSourceObject: {fileID: 0}
  m_PrefabInternal: {fileID: 100100000}
  serializedVersion: 6
  m_Component:
  - component: {fileID: 4879000132125364}
  - component: {fileID: 114088075998311462}
  m_Layer: 0
  m_Name: RingTip
  m_TagString: Untagged
  m_Icon: {fileID: 0}
  m_NavMeshLayer: 0
  m_StaticEditorFlags: 0
  m_IsActive: 1
--- !u!1 &1319279315057046
GameObject:
  m_ObjectHideFlags: 1
  m_CorrespondingSourceObject: {fileID: 0}
  m_PrefabInternal: {fileID: 100100000}
  serializedVersion: 6
  m_Component:
  - component: {fileID: 4070255159455456}
  - component: {fileID: 114224099263862670}
  m_Layer: 0
  m_Name: ThumbTip
  m_TagString: Untagged
  m_Icon: {fileID: 0}
  m_NavMeshLayer: 0
  m_StaticEditorFlags: 0
  m_IsActive: 1
--- !u!1 &1326374248045636
GameObject:
  m_ObjectHideFlags: 1
  m_CorrespondingSourceObject: {fileID: 0}
  m_PrefabInternal: {fileID: 100100000}
  serializedVersion: 6
  m_Component:
  - component: {fileID: 4489734721061006}
  - component: {fileID: 114656863097063562}
  m_Layer: 0
  m_Name: RingKnuckle
  m_TagString: Untagged
  m_Icon: {fileID: 0}
  m_NavMeshLayer: 0
  m_StaticEditorFlags: 0
  m_IsActive: 1
--- !u!1 &1349112224743202
GameObject:
  m_ObjectHideFlags: 1
  m_CorrespondingSourceObject: {fileID: 0}
  m_PrefabInternal: {fileID: 100100000}
  serializedVersion: 6
  m_Component:
  - component: {fileID: 4168042359444984}
  - component: {fileID: 114342489249088564}
  m_Layer: 0
  m_Name: RingMiddleJoint
  m_TagString: Untagged
  m_Icon: {fileID: 0}
  m_NavMeshLayer: 0
  m_StaticEditorFlags: 0
  m_IsActive: 1
--- !u!1 &1383054945173528
GameObject:
  m_ObjectHideFlags: 1
  m_CorrespondingSourceObject: {fileID: 0}
  m_PrefabInternal: {fileID: 100100000}
  serializedVersion: 6
  m_Component:
  - component: {fileID: 4121840364749842}
  - component: {fileID: 114845208811111428}
  m_Layer: 0
  m_Name: Wrist
  m_TagString: Untagged
  m_Icon: {fileID: 0}
  m_NavMeshLayer: 0
  m_StaticEditorFlags: 0
  m_IsActive: 1
--- !u!1 &1433304074265240
GameObject:
  m_ObjectHideFlags: 1
  m_CorrespondingSourceObject: {fileID: 0}
  m_PrefabInternal: {fileID: 100100000}
  serializedVersion: 6
  m_Component:
  - component: {fileID: 4452420412003744}
  - component: {fileID: 114305577127477658}
  m_Layer: 0
  m_Name: RingMiddleJoint
  m_TagString: Untagged
  m_Icon: {fileID: 0}
  m_NavMeshLayer: 0
  m_StaticEditorFlags: 0
  m_IsActive: 1
--- !u!1 &1473308770579650
GameObject:
  m_ObjectHideFlags: 1
  m_CorrespondingSourceObject: {fileID: 0}
  m_PrefabInternal: {fileID: 100100000}
  serializedVersion: 6
  m_Component:
  - component: {fileID: 4050584841528838}
  - component: {fileID: 114524326028518786}
  m_Layer: 0
  m_Name: IndexKnuckle
  m_TagString: Untagged
  m_Icon: {fileID: 0}
  m_NavMeshLayer: 0
  m_StaticEditorFlags: 0
  m_IsActive: 1
--- !u!1 &1475050302196382
GameObject:
  m_ObjectHideFlags: 1
  m_CorrespondingSourceObject: {fileID: 0}
  m_PrefabInternal: {fileID: 100100000}
  serializedVersion: 6
  m_Component:
  - component: {fileID: 4756421016930822}
  - component: {fileID: 114773951620373082}
  m_Layer: 0
  m_Name: PinkyKnuckle
  m_TagString: Untagged
  m_Icon: {fileID: 0}
  m_NavMeshLayer: 0
  m_StaticEditorFlags: 0
  m_IsActive: 1
--- !u!1 &1477325093482922
GameObject:
  m_ObjectHideFlags: 1
  m_CorrespondingSourceObject: {fileID: 0}
  m_PrefabInternal: {fileID: 100100000}
  serializedVersion: 6
  m_Component:
  - component: {fileID: 4009236748524748}
  - component: {fileID: 114138824939270072}
  m_Layer: 0
  m_Name: ThumbDistalJoint
  m_TagString: Untagged
  m_Icon: {fileID: 0}
  m_NavMeshLayer: 0
  m_StaticEditorFlags: 0
  m_IsActive: 1
--- !u!1 &1537551756452126
GameObject:
  m_ObjectHideFlags: 1
  m_CorrespondingSourceObject: {fileID: 0}
  m_PrefabInternal: {fileID: 100100000}
  serializedVersion: 6
  m_Component:
  - component: {fileID: 4028951445378892}
  - component: {fileID: 114358573315121414}
  m_Layer: 0
  m_Name: IndexDistalJoint
  m_TagString: Untagged
  m_Icon: {fileID: 0}
  m_NavMeshLayer: 0
  m_StaticEditorFlags: 0
  m_IsActive: 1
--- !u!1 &1539428499448340
GameObject:
  m_ObjectHideFlags: 1
  m_CorrespondingSourceObject: {fileID: 0}
  m_PrefabInternal: {fileID: 100100000}
  serializedVersion: 6
  m_Component:
  - component: {fileID: 4341825197552964}
  - component: {fileID: 114851630522241720}
  m_Layer: 0
  m_Name: IndexDistalJoint
  m_TagString: Untagged
  m_Icon: {fileID: 0}
  m_NavMeshLayer: 0
  m_StaticEditorFlags: 0
  m_IsActive: 1
--- !u!1 &1581010515602776
GameObject:
  m_ObjectHideFlags: 1
  m_CorrespondingSourceObject: {fileID: 0}
  m_PrefabInternal: {fileID: 100100000}
  serializedVersion: 6
  m_Component:
  - component: {fileID: 4682641606970900}
  - component: {fileID: 114157523975710146}
  m_Layer: 0
  m_Name: ThumbDistalJoint
  m_TagString: Untagged
  m_Icon: {fileID: 0}
  m_NavMeshLayer: 0
  m_StaticEditorFlags: 0
  m_IsActive: 1
--- !u!1 &1608939378568310
GameObject:
  m_ObjectHideFlags: 1
  m_CorrespondingSourceObject: {fileID: 0}
  m_PrefabInternal: {fileID: 100100000}
  serializedVersion: 6
  m_Component:
  - component: {fileID: 4473306795977904}
  - component: {fileID: 33011664866075214}
  - component: {fileID: 23654566863080910}
  - component: {fileID: 95403309343627094}
  - component: {fileID: 54064452489175978}
  - component: {fileID: 65872323763249754}
  - component: {fileID: 114633702472945796}
  m_Layer: 0
  m_Name: Halberd_A
  m_TagString: Weapon
  m_Icon: {fileID: 0}
  m_NavMeshLayer: 0
  m_StaticEditorFlags: 0
  m_IsActive: 1
--- !u!1 &1617729630332874
GameObject:
  m_ObjectHideFlags: 0
  m_CorrespondingSourceObject: {fileID: 0}
  m_PrefabInternal: {fileID: 100100000}
  serializedVersion: 6
  m_Component:
  - component: {fileID: 4691909066417190}
  - component: {fileID: 114838991118385872}
  - component: {fileID: 114223438750203038}
  m_Layer: 0
  m_Name: Attachment Hand (Left)
  m_TagString: Untagged
  m_Icon: {fileID: 0}
  m_NavMeshLayer: 0
  m_StaticEditorFlags: 0
  m_IsActive: 1
--- !u!1 &1646431106663106
GameObject:
  m_ObjectHideFlags: 1
  m_CorrespondingSourceObject: {fileID: 0}
  m_PrefabInternal: {fileID: 100100000}
  serializedVersion: 6
  m_Component:
  - component: {fileID: 4665787327364696}
  - component: {fileID: 114239527626279762}
  m_Layer: 0
  m_Name: PinkyTip
  m_TagString: Untagged
  m_Icon: {fileID: 0}
  m_NavMeshLayer: 0
  m_StaticEditorFlags: 0
  m_IsActive: 1
--- !u!1 &1660543186006662
GameObject:
  m_ObjectHideFlags: 1
  m_CorrespondingSourceObject: {fileID: 0}
  m_PrefabInternal: {fileID: 100100000}
  serializedVersion: 6
  m_Component:
  - component: {fileID: 4761238536675908}
  - component: {fileID: 114177833164259980}
  m_Layer: 0
  m_Name: IndexTip
  m_TagString: Untagged
  m_Icon: {fileID: 0}
  m_NavMeshLayer: 0
  m_StaticEditorFlags: 0
  m_IsActive: 1
--- !u!1 &1706742966226178
GameObject:
  m_ObjectHideFlags: 1
  m_CorrespondingSourceObject: {fileID: 0}
  m_PrefabInternal: {fileID: 100100000}
  serializedVersion: 6
  m_Component:
  - component: {fileID: 4587337270379874}
  - component: {fileID: 114569149388873866}
  m_Layer: 0
  m_Name: MiddleTip
  m_TagString: Untagged
  m_Icon: {fileID: 0}
  m_NavMeshLayer: 0
  m_StaticEditorFlags: 0
  m_IsActive: 1
--- !u!1 &1730623360615210
GameObject:
  m_ObjectHideFlags: 1
  m_CorrespondingSourceObject: {fileID: 0}
  m_PrefabInternal: {fileID: 100100000}
  serializedVersion: 6
  m_Component:
  - component: {fileID: 4875333472661194}
  - component: {fileID: 114408874787322000}
  m_Layer: 0
  m_Name: IndexKnuckle
  m_TagString: Untagged
  m_Icon: {fileID: 0}
  m_NavMeshLayer: 0
  m_StaticEditorFlags: 0
  m_IsActive: 1
--- !u!1 &1737681152455068
GameObject:
  m_ObjectHideFlags: 1
  m_CorrespondingSourceObject: {fileID: 0}
  m_PrefabInternal: {fileID: 100100000}
  serializedVersion: 6
  m_Component:
  - component: {fileID: 4981119067030366}
  - component: {fileID: 114481168805264082}
  m_Layer: 0
  m_Name: PinkyKnuckle
  m_TagString: Untagged
  m_Icon: {fileID: 0}
  m_NavMeshLayer: 0
  m_StaticEditorFlags: 0
  m_IsActive: 1
--- !u!1 &1759411252267094
GameObject:
  m_ObjectHideFlags: 1
  m_CorrespondingSourceObject: {fileID: 0}
  m_PrefabInternal: {fileID: 100100000}
  serializedVersion: 6
  m_Component:
  - component: {fileID: 4115030446755274}
  - component: {fileID: 114500752109442218}
  m_Layer: 0
  m_Name: RingDistalJoint
  m_TagString: Untagged
  m_Icon: {fileID: 0}
  m_NavMeshLayer: 0
  m_StaticEditorFlags: 0
  m_IsActive: 1
--- !u!1 &1771601588052352
GameObject:
  m_ObjectHideFlags: 1
  m_CorrespondingSourceObject: {fileID: 0}
  m_PrefabInternal: {fileID: 100100000}
  serializedVersion: 6
  m_Component:
  - component: {fileID: 4211886647752670}
  - component: {fileID: 114753425831559314}
  m_Layer: 0
  m_Name: RingTip
  m_TagString: Untagged
  m_Icon: {fileID: 0}
  m_NavMeshLayer: 0
  m_StaticEditorFlags: 0
  m_IsActive: 1
--- !u!1 &1823156887889462
GameObject:
  m_ObjectHideFlags: 1
  m_CorrespondingSourceObject: {fileID: 0}
  m_PrefabInternal: {fileID: 100100000}
  serializedVersion: 6
  m_Component:
  - component: {fileID: 4015953633033580}
  - component: {fileID: 114151093526996046}
  m_Layer: 0
  m_Name: MiddleDistalJoint
  m_TagString: Untagged
  m_Icon: {fileID: 0}
  m_NavMeshLayer: 0
  m_StaticEditorFlags: 0
  m_IsActive: 1
--- !u!1 &1824263823558724
GameObject:
  m_ObjectHideFlags: 1
  m_CorrespondingSourceObject: {fileID: 0}
  m_PrefabInternal: {fileID: 100100000}
  serializedVersion: 6
  m_Component:
  - component: {fileID: 4370878702012072}
  - component: {fileID: 114456161529112376}
  m_Layer: 0
  m_Name: PinkyDistalJoint
  m_TagString: Untagged
  m_Icon: {fileID: 0}
  m_NavMeshLayer: 0
  m_StaticEditorFlags: 0
  m_IsActive: 1
--- !u!1 &1834889447329866
GameObject:
  m_ObjectHideFlags: 1
  m_CorrespondingSourceObject: {fileID: 0}
  m_PrefabInternal: {fileID: 100100000}
  serializedVersion: 6
  m_Component:
  - component: {fileID: 4146785820311086}
  - component: {fileID: 114865975203965640}
  m_Layer: 0
  m_Name: ThumbTip
  m_TagString: Untagged
  m_Icon: {fileID: 0}
  m_NavMeshLayer: 0
  m_StaticEditorFlags: 0
  m_IsActive: 1
--- !u!1 &1851343373279516
GameObject:
  m_ObjectHideFlags: 1
  m_CorrespondingSourceObject: {fileID: 0}
  m_PrefabInternal: {fileID: 100100000}
  serializedVersion: 6
  m_Component:
  - component: {fileID: 4163396037172036}
  - component: {fileID: 114321500510886724}
  m_Layer: 0
  m_Name: MiddleMiddleJoint
  m_TagString: Untagged
  m_Icon: {fileID: 0}
  m_NavMeshLayer: 0
  m_StaticEditorFlags: 0
  m_IsActive: 1
--- !u!1 &1862454767097258
GameObject:
  m_ObjectHideFlags: 1
  m_CorrespondingSourceObject: {fileID: 0}
  m_PrefabInternal: {fileID: 100100000}
  serializedVersion: 6
  m_Component:
  - component: {fileID: 4107490593135238}
  - component: {fileID: 114985125175328056}
  m_Layer: 0
  m_Name: IndexTip
  m_TagString: Untagged
  m_Icon: {fileID: 0}
  m_NavMeshLayer: 0
  m_StaticEditorFlags: 0
  m_IsActive: 1
--- !u!1 &1883704007708662
GameObject:
  m_ObjectHideFlags: 1
  m_CorrespondingSourceObject: {fileID: 0}
  m_PrefabInternal: {fileID: 100100000}
  serializedVersion: 6
  m_Component:
  - component: {fileID: 4208282412603082}
  - component: {fileID: 114854225173402922}
  m_Layer: 0
  m_Name: MiddleKnuckle
  m_TagString: Untagged
  m_Icon: {fileID: 0}
  m_NavMeshLayer: 0
  m_StaticEditorFlags: 0
  m_IsActive: 1
--- !u!1 &1895169162512710
GameObject:
  m_ObjectHideFlags: 0
  m_CorrespondingSourceObject: {fileID: 0}
  m_PrefabInternal: {fileID: 100100000}
  serializedVersion: 6
  m_Component:
  - component: {fileID: 4312744231716044}
  - component: {fileID: 114358792001172674}
  m_Layer: 0
  m_Name: Attachment Hand (Right)
  m_TagString: Untagged
  m_Icon: {fileID: 0}
  m_NavMeshLayer: 0
  m_StaticEditorFlags: 0
  m_IsActive: 1
--- !u!1 &1904008292563800
GameObject:
  m_ObjectHideFlags: 1
  m_CorrespondingSourceObject: {fileID: 0}
  m_PrefabInternal: {fileID: 100100000}
  serializedVersion: 6
  m_Component:
  - component: {fileID: 4387066923780992}
  - component: {fileID: 114932295359344802}
  m_Layer: 0
  m_Name: Wrist
  m_TagString: Untagged
  m_Icon: {fileID: 0}
  m_NavMeshLayer: 0
  m_StaticEditorFlags: 0
  m_IsActive: 1
--- !u!1 &1910626765761478
GameObject:
  m_ObjectHideFlags: 1
  m_CorrespondingSourceObject: {fileID: 0}
  m_PrefabInternal: {fileID: 100100000}
  serializedVersion: 6
  m_Component:
  - component: {fileID: 4736665900628368}
  - component: {fileID: 114976550308714802}
  m_Layer: 0
  m_Name: IndexMiddleJoint
  m_TagString: Untagged
  m_Icon: {fileID: 0}
  m_NavMeshLayer: 0
  m_StaticEditorFlags: 0
  m_IsActive: 1
--- !u!1 &1913976961492312
GameObject:
  m_ObjectHideFlags: 1
  m_CorrespondingSourceObject: {fileID: 0}
  m_PrefabInternal: {fileID: 100100000}
  serializedVersion: 6
  m_Component:
  - component: {fileID: 4996753111303778}
  - component: {fileID: 114363943587946740}
  m_Layer: 0
  m_Name: RingDistalJoint
  m_TagString: Untagged
  m_Icon: {fileID: 0}
  m_NavMeshLayer: 0
  m_StaticEditorFlags: 0
  m_IsActive: 1
--- !u!1 &1916862192291380
GameObject:
  m_ObjectHideFlags: 1
  m_CorrespondingSourceObject: {fileID: 0}
  m_PrefabInternal: {fileID: 100100000}
  serializedVersion: 6
  m_Component:
  - component: {fileID: 4613623258526892}
  - component: {fileID: 114568373493193222}
  m_Layer: 0
  m_Name: PinkyTip
  m_TagString: Untagged
  m_Icon: {fileID: 0}
  m_NavMeshLayer: 0
  m_StaticEditorFlags: 0
  m_IsActive: 1
--- !u!1 &1950751938744300
GameObject:
  m_ObjectHideFlags: 1
  m_CorrespondingSourceObject: {fileID: 0}
  m_PrefabInternal: {fileID: 100100000}
  serializedVersion: 6
  m_Component:
  - component: {fileID: 4194652122508876}
  - component: {fileID: 114521560878796356}
  m_Layer: 0
  m_Name: Palm
  m_TagString: Untagged
  m_Icon: {fileID: 0}
  m_NavMeshLayer: 0
  m_StaticEditorFlags: 0
  m_IsActive: 1
--- !u!1 &1960081205921554
GameObject:
  m_ObjectHideFlags: 1
  m_CorrespondingSourceObject: {fileID: 0}
  m_PrefabInternal: {fileID: 100100000}
  serializedVersion: 6
  m_Component:
  - component: {fileID: 4657129498051148}
  - component: {fileID: 114799685616040776}
  m_Layer: 0
  m_Name: PinkyMiddleJoint
  m_TagString: Untagged
  m_Icon: {fileID: 0}
  m_NavMeshLayer: 0
  m_StaticEditorFlags: 0
  m_IsActive: 1
--- !u!1 &1982031488696788
GameObject:
  m_ObjectHideFlags: 1
  m_CorrespondingSourceObject: {fileID: 0}
  m_PrefabInternal: {fileID: 100100000}
  serializedVersion: 6
  m_Component:
  - component: {fileID: 4722340185341268}
  - component: {fileID: 114210984535093350}
  m_Layer: 0
  m_Name: Palm
  m_TagString: Untagged
  m_Icon: {fileID: 0}
  m_NavMeshLayer: 0
  m_StaticEditorFlags: 0
  m_IsActive: 1
--- !u!4 &4009236748524748
Transform:
  m_ObjectHideFlags: 1
  m_CorrespondingSourceObject: {fileID: 0}
  m_PrefabInternal: {fileID: 100100000}
  m_GameObject: {fileID: 1477325093482922}
  m_LocalRotation: {x: -0, y: -0, z: -0.000000013504177, w: 1}
  m_LocalPosition: {x: -0.00000058300793, y: 0.00000027148053, z: 0.031569265}
  m_LocalScale: {x: 1, y: 0.99999994, z: 1}
  m_Children:
  - {fileID: 4146785820311086}
  m_Father: {fileID: 4124091777796982}
  m_RootOrder: 0
  m_LocalEulerAnglesHint: {x: 0, y: 0, z: 0}
--- !u!4 &4015953633033580
Transform:
  m_ObjectHideFlags: 1
  m_CorrespondingSourceObject: {fileID: 0}
  m_PrefabInternal: {fileID: 100100000}
  m_GameObject: {fileID: 1823156887889462}
  m_LocalRotation: {x: -0, y: -0, z: 6.9388956e-18, w: 1}
  m_LocalPosition: {x: 0.000000018693825, y: -0.00000016430525, z: 0.026328694}
  m_LocalScale: {x: 1, y: 0.99999946, z: 1}
  m_Children:
  - {fileID: 4261371037752960}
  m_Father: {fileID: 4501081147846528}
  m_RootOrder: 0
  m_LocalEulerAnglesHint: {x: 0, y: 0, z: 0}
--- !u!4 &4028951445378892
Transform:
  m_ObjectHideFlags: 1
  m_CorrespondingSourceObject: {fileID: 0}
  m_PrefabInternal: {fileID: 100100000}
  m_GameObject: {fileID: 1537551756452126}
  m_LocalRotation: {x: -0, y: -0, z: -0, w: 1}
  m_LocalPosition: {x: -0.000000048894506, y: -0.0000000055879354, z: 0.022379974}
  m_LocalScale: {x: 0.99999976, y: 1, z: 1.0000001}
  m_Children:
  - {fileID: 4761238536675908}
  m_Father: {fileID: 4541921967973744}
  m_RootOrder: 0
  m_LocalEulerAnglesHint: {x: 0, y: 0, z: 0}
--- !u!4 &4050584841528838
Transform:
  m_ObjectHideFlags: 1
  m_CorrespondingSourceObject: {fileID: 0}
  m_PrefabInternal: {fileID: 100100000}
  m_GameObject: {fileID: 1473308770579650}
  m_LocalRotation: {x: 0.07411178, y: 0.08401715, z: -0.0062662335, w: 0.9936847}
  m_LocalPosition: {x: -0.096818745, y: 0.17200002, z: -0.10968158}
  m_LocalScale: {x: 1, y: 1, z: 1}
  m_Children:
  - {fileID: 4736665900628368}
  m_Father: {fileID: 4691909066417190}
  m_RootOrder: 3
  m_LocalEulerAnglesHint: {x: 0, y: 0, z: 0}
--- !u!4 &4070255159455456
Transform:
  m_ObjectHideFlags: 1
  m_CorrespondingSourceObject: {fileID: 0}
  m_PrefabInternal: {fileID: 100100000}
  m_GameObject: {fileID: 1319279315057046}
  m_LocalRotation: {x: -0, y: -0, z: -0, w: 1}
  m_LocalPosition: {x: -0.0000007459814, y: -0.00000045960405, z: 0.02167094}
  m_LocalScale: {x: 1.0000062, y: 1.0000045, z: 1.0000021}
  m_Children: []
  m_Father: {fileID: 4682641606970900}
  m_RootOrder: 0
  m_LocalEulerAnglesHint: {x: 0, y: 0, z: 0}
--- !u!4 &4107490593135238
Transform:
  m_ObjectHideFlags: 1
  m_CorrespondingSourceObject: {fileID: 0}
  m_PrefabInternal: {fileID: 100100000}
  m_GameObject: {fileID: 1862454767097258}
  m_LocalRotation: {x: -0, y: -0, z: -0, w: 1}
  m_LocalPosition: {x: 0.000000022351742, y: -0.000000016763806, z: 0.015819956}
  m_LocalScale: {x: 1, y: 1, z: 1}
  m_Children: []
  m_Father: {fileID: 4341825197552964}
  m_RootOrder: 0
  m_LocalEulerAnglesHint: {x: 0, y: 0, z: 0}
--- !u!4 &4115030446755274
Transform:
  m_ObjectHideFlags: 1
  m_CorrespondingSourceObject: {fileID: 0}
  m_PrefabInternal: {fileID: 100100000}
  m_GameObject: {fileID: 1759411252267094}
  m_LocalRotation: {x: -0, y: -0, z: -0, w: 1}
  m_LocalPosition: {x: 0.000000038267665, y: 0.00000006993263, z: 0.025650464}
  m_LocalScale: {x: 0.9999988, y: 1, z: 1}
  m_Children:
  - {fileID: 4879000132125364}
  m_Father: {fileID: 4168042359444984}
  m_RootOrder: 0
  m_LocalEulerAnglesHint: {x: 0, y: 0, z: 0}
--- !u!4 &4121840364749842
Transform:
  m_ObjectHideFlags: 1
  m_CorrespondingSourceObject: {fileID: 0}
  m_PrefabInternal: {fileID: 100100000}
  m_GameObject: {fileID: 1383054945173528}
  m_LocalRotation: {x: -0, y: 0.000000087422784, z: -0, w: 1}
  m_LocalPosition: {x: 0.1243639, y: 0.17650005, z: -0.16384265}
  m_LocalScale: {x: 1, y: 1, z: 1}
  m_Children: []
  m_Father: {fileID: 4312744231716044}
  m_RootOrder: 0
  m_LocalEulerAnglesHint: {x: 0, y: 0, z: 0}
--- !u!4 &4124091777796982
Transform:
  m_ObjectHideFlags: 1
  m_CorrespondingSourceObject: {fileID: 0}
  m_PrefabInternal: {fileID: 100100000}
  m_GameObject: {fileID: 1199920766830122}
  m_LocalRotation: {x: 0.019904926, y: -0.35755515, z: 0.53516835, w: 0.7650836}
  m_LocalPosition: {x: 0.07635856, y: 0.14490369, z: -0.15163371}
  m_LocalScale: {x: 1, y: 1, z: 1}
  m_Children:
  - {fileID: 4009236748524748}
  m_Father: {fileID: 4312744231716044}
  m_RootOrder: 2
  m_LocalEulerAnglesHint: {x: 0, y: 0, z: 0}
--- !u!4 &4146785820311086
Transform:
  m_ObjectHideFlags: 1
  m_CorrespondingSourceObject: {fileID: 0}
  m_PrefabInternal: {fileID: 100100000}
  m_GameObject: {fileID: 1834889447329866}
  m_LocalRotation: {x: -0, y: -0, z: -0, w: 1}
  m_LocalPosition: {x: 0.00000074505806, y: -0.0000004586764, z: 0.021670945}
  m_LocalScale: {x: 1.0000001, y: 1.000001, z: 1}
  m_Children: []
  m_Father: {fileID: 4009236748524748}
  m_RootOrder: 0
  m_LocalEulerAnglesHint: {x: 0, y: 0, z: 0}
--- !u!4 &4163396037172036
Transform:
  m_ObjectHideFlags: 1
  m_CorrespondingSourceObject: {fileID: 0}
  m_PrefabInternal: {fileID: 100100000}
  m_GameObject: {fileID: 1851343373279516}
  m_LocalRotation: {x: -0.0000000074505815, y: -0, z: -0.0000000013387763, w: 1}
  m_LocalPosition: {x: -0.000000019441359, y: 0.000000033993274, z: 0.044630412}
  m_LocalScale: {x: 1, y: 0.99999917, z: 1}
  m_Children:
  - {fileID: 4487367508680182}
  m_Father: {fileID: 4208282412603082}
  m_RootOrder: 0
  m_LocalEulerAnglesHint: {x: 0, y: 0, z: 0}
--- !u!4 &4168042359444984
Transform:
  m_ObjectHideFlags: 1
  m_CorrespondingSourceObject: {fileID: 0}
  m_PrefabInternal: {fileID: 100100000}
  m_GameObject: {fileID: 1349112224743202}
  m_LocalRotation: {x: -0.000000007450581, y: 0.000000007450581, z: 9.313226e-10,
    w: 1}
  m_LocalPosition: {x: 0.00000008614734, y: 0.000000040512532, z: 0.041370343}
  m_LocalScale: {x: 1, y: 1, z: 1.0000001}
  m_Children:
  - {fileID: 4115030446755274}
  m_Father: {fileID: 4489734721061006}
  m_RootOrder: 0
  m_LocalEulerAnglesHint: {x: 0, y: 0, z: 0}
--- !u!4 &4170708553642666
Transform:
  m_ObjectHideFlags: 1
  m_CorrespondingSourceObject: {fileID: 0}
  m_PrefabInternal: {fileID: 100100000}
  m_GameObject: {fileID: 1229268237439656}
  m_LocalRotation: {x: -0, y: -0, z: -0, w: 1}
  m_LocalPosition: {x: -0.0000001960434, y: -0.0000000061700076, z: 0.018110372}
  m_LocalScale: {x: 1, y: 1.0000007, z: 1}
  m_Children:
  - {fileID: 4665787327364696}
  m_Father: {fileID: 4657129498051148}
  m_RootOrder: 0
  m_LocalEulerAnglesHint: {x: 0, y: 0, z: 0}
--- !u!4 &4194652122508876
Transform:
  m_ObjectHideFlags: 1
  m_CorrespondingSourceObject: {fileID: 0}
  m_PrefabInternal: {fileID: 100100000}
  m_GameObject: {fileID: 1950751938744300}
  m_LocalRotation: {x: -0, y: -0, z: -0, w: 1}
  m_LocalPosition: {x: -0.120000005, y: 0.17000005, z: -0.13283107}
  m_LocalScale: {x: 1, y: 1, z: 1}
  m_Children:
  - {fileID: 4473306795977904}
  m_Father: {fileID: 4691909066417190}
  m_RootOrder: 1
  m_LocalEulerAnglesHint: {x: 0, y: 0, z: 0}
--- !u!4 &4208282412603082
Transform:
  m_ObjectHideFlags: 1
  m_CorrespondingSourceObject: {fileID: 0}
  m_PrefabInternal: {fileID: 100100000}
  m_GameObject: {fileID: 1883704007708662}
  m_LocalRotation: {x: 0.0752779, y: 0.009242242, z: 0.07399494, w: 0.99437046}
  m_LocalPosition: {x: -0.11721122, y: 0.17400005, z: -0.10957858}
  m_LocalScale: {x: 1, y: 1, z: 1}
  m_Children:
  - {fileID: 4163396037172036}
  m_Father: {fileID: 4691909066417190}
  m_RootOrder: 4
  m_LocalEulerAnglesHint: {x: 0, y: 0, z: 0}
--- !u!4 &4211886647752670
Transform:
  m_ObjectHideFlags: 1
  m_CorrespondingSourceObject: {fileID: 0}
  m_PrefabInternal: {fileID: 100100000}
  m_GameObject: {fileID: 1771601588052352}
  m_LocalRotation: {x: -0, y: -0, z: -0, w: 1}
  m_LocalPosition: {x: 0.000000028197466, y: -0.000000069175655, z: 0.017299892}
  m_LocalScale: {x: 1, y: 1, z: 0.9999997}
  m_Children: []
  m_Father: {fileID: 4996753111303778}
  m_RootOrder: 0
  m_LocalEulerAnglesHint: {x: 0, y: 0, z: 0}
--- !u!4 &4261371037752960
Transform:
  m_ObjectHideFlags: 1
  m_CorrespondingSourceObject: {fileID: 0}
  m_PrefabInternal: {fileID: 100100000}
  m_GameObject: {fileID: 1234154391001232}
  m_LocalRotation: {x: -0, y: -0, z: -0, w: 1}
  m_LocalPosition: {x: -0.000000010044128, y: 0.000000101255026, z: 0.017400637}
  m_LocalScale: {x: 1, y: 0.99999994, z: 1}
  m_Children: []
  m_Father: {fileID: 4015953633033580}
  m_RootOrder: 0
  m_LocalEulerAnglesHint: {x: 0, y: 0, z: 0}
--- !u!4 &4312744231716044
Transform:
  m_ObjectHideFlags: 1
  m_CorrespondingSourceObject: {fileID: 0}
  m_PrefabInternal: {fileID: 100100000}
  m_GameObject: {fileID: 1895169162512710}
  m_LocalRotation: {x: -0, y: -0, z: -0, w: 1}
  m_LocalPosition: {x: -0.0107165575, y: -0.04131803, z: -0.3171697}
  m_LocalScale: {x: 1, y: 1, z: 1}
  m_Children:
  - {fileID: 4121840364749842}
  - {fileID: 4722340185341268}
  - {fileID: 4124091777796982}
  - {fileID: 4875333472661194}
  - {fileID: 4802691963844612}
  - {fileID: 4646621432825918}
  - {fileID: 4756421016930822}
  m_Father: {fileID: 4621987102946668}
  m_RootOrder: 1
  m_LocalEulerAnglesHint: {x: 0, y: 0, z: 0}
--- !u!4 &4341825197552964
Transform:
  m_ObjectHideFlags: 1
  m_CorrespondingSourceObject: {fileID: 0}
  m_PrefabInternal: {fileID: 100100000}
  m_GameObject: {fileID: 1539428499448340}
  m_LocalRotation: {x: -0, y: -0, z: -0, w: 1}
  m_LocalPosition: {x: -0.000000013038516, y: -0.0000000060535967, z: 0.02237996}
  m_LocalScale: {x: 1, y: 1, z: 1}
  m_Children:
  - {fileID: 4107490593135238}
  m_Father: {fileID: 4736665900628368}
  m_RootOrder: 0
  m_LocalEulerAnglesHint: {x: 0, y: 0, z: 0}
--- !u!4 &4361981805521018
Transform:
  m_ObjectHideFlags: 1
  m_CorrespondingSourceObject: {fileID: 0}
  m_PrefabInternal: {fileID: 100100000}
  m_GameObject: {fileID: 1067389448413244}
  m_LocalRotation: {x: 0.019904882, y: 0.35755524, z: -0.5351684, w: 0.7650836}
  m_LocalPosition: {x: -0.07635862, y: 0.14490369, z: -0.15163371}
  m_LocalScale: {x: 1, y: 1, z: 1}
  m_Children:
  - {fileID: 4682641606970900}
  m_Father: {fileID: 4691909066417190}
  m_RootOrder: 2
  m_LocalEulerAnglesHint: {x: 0, y: 0, z: 0}
--- !u!4 &4370878702012072
Transform:
  m_ObjectHideFlags: 1
  m_CorrespondingSourceObject: {fileID: 0}
  m_PrefabInternal: {fileID: 100100000}
  m_GameObject: {fileID: 1824263823558724}
  m_LocalRotation: {x: -0, y: -0, z: -0, w: 1}
  m_LocalPosition: {x: 0.0000001396984, y: 0.000000016065313, z: 0.018110387}
  m_LocalScale: {x: 0.9999998, y: 1, z: 1}
  m_Children:
  - {fileID: 4613623258526892}
  m_Father: {fileID: 4808828023426882}
  m_RootOrder: 0
  m_LocalEulerAnglesHint: {x: 0, y: 0, z: 0}
--- !u!4 &4387066923780992
Transform:
  m_ObjectHideFlags: 1
  m_CorrespondingSourceObject: {fileID: 0}
  m_PrefabInternal: {fileID: 100100000}
  m_GameObject: {fileID: 1904008292563800}
  m_LocalRotation: {x: -0, y: -0, z: -0, w: 1}
  m_LocalPosition: {x: -0.12436384, y: 0.17650005, z: -0.16384265}
  m_LocalScale: {x: 1, y: 1, z: 1}
  m_Children: []
  m_Father: {fileID: 4691909066417190}
  m_RootOrder: 0
  m_LocalEulerAnglesHint: {x: 0, y: 0, z: 0}
--- !u!4 &4452420412003744
Transform:
  m_ObjectHideFlags: 1
  m_CorrespondingSourceObject: {fileID: 0}
  m_PrefabInternal: {fileID: 100100000}
  m_GameObject: {fileID: 1433304074265240}
  m_LocalRotation: {x: -0.000000007450581, y: -0.000000007450581, z: 9.313226e-10,
    w: 1}
  m_LocalPosition: {x: -0.00000003585592, y: 0.000000052154064, z: 0.041370355}
  m_LocalScale: {x: 1, y: 1, z: 0.9999985}
  m_Children:
  - {fileID: 4996753111303778}
  m_Father: {fileID: 4646621432825918}
  m_RootOrder: 0
  m_LocalEulerAnglesHint: {x: 0, y: 0, z: 0}
--- !u!4 &4473306795977904
Transform:
  m_ObjectHideFlags: 1
  m_CorrespondingSourceObject: {fileID: 0}
  m_PrefabInternal: {fileID: 100100000}
  m_GameObject: {fileID: 1608939378568310}
  m_LocalRotation: {x: -0.27059808, y: -0.6532815, z: -0.6532815, w: 0.27059808}
  m_LocalPosition: {x: 0.24000001, y: 0, z: 0}
  m_LocalScale: {x: 1, y: 1, z: 1}
  m_Children: []
  m_Father: {fileID: 4194652122508876}
  m_RootOrder: 0
  m_LocalEulerAnglesHint: {x: -90, y: -45, z: -90}
--- !u!4 &4487367508680182
Transform:
  m_ObjectHideFlags: 1
  m_CorrespondingSourceObject: {fileID: 0}
  m_PrefabInternal: {fileID: 100100000}
  m_GameObject: {fileID: 1050356722165678}
  m_LocalRotation: {x: -0, y: -0, z: -0, w: 1}
  m_LocalPosition: {x: 0.000000035506673, y: -0.00000017222149, z: 0.026328694}
  m_LocalScale: {x: 1, y: 0.99999946, z: 1}
  m_Children:
  - {fileID: 4587337270379874}
  m_Father: {fileID: 4163396037172036}
  m_RootOrder: 0
  m_LocalEulerAnglesHint: {x: 0, y: 0, z: 0}
--- !u!4 &4489734721061006
Transform:
  m_ObjectHideFlags: 1
  m_CorrespondingSourceObject: {fileID: 0}
  m_PrefabInternal: {fileID: 100100000}
  m_GameObject: {fileID: 1326374248045636}
  m_LocalRotation: {x: 0.06767925, y: -0.06845519, z: 0.10489069, w: 0.9898138}
  m_LocalPosition: {x: -0.13744718, y: 0.17400005, z: -0.115552396}
  m_LocalScale: {x: 1, y: 1, z: 1}
  m_Children:
  - {fileID: 4168042359444984}
  m_Father: {fileID: 4691909066417190}
  m_RootOrder: 5
  m_LocalEulerAnglesHint: {x: 0, y: 0, z: 0}
--- !u!4 &4501081147846528
Transform:
  m_ObjectHideFlags: 1
  m_CorrespondingSourceObject: {fileID: 0}
  m_PrefabInternal: {fileID: 100100000}
  m_GameObject: {fileID: 1103399272583268}
  m_LocalRotation: {x: -0.0000000074505815, y: 9.313227e-10, z: 0.000000002270099,
    w: 1}
  m_LocalPosition: {x: 0.0000000117579475, y: 0.000000033527613, z: 0.044630412}
  m_LocalScale: {x: 1, y: 0.99999917, z: 1}
  m_Children:
  - {fileID: 4015953633033580}
  m_Father: {fileID: 4802691963844612}
  m_RootOrder: 0
  m_LocalEulerAnglesHint: {x: 0, y: 0, z: 0}
--- !u!4 &4541921967973744
Transform:
  m_ObjectHideFlags: 1
  m_CorrespondingSourceObject: {fileID: 0}
  m_PrefabInternal: {fileID: 100100000}
  m_GameObject: {fileID: 1272525248687562}
  m_LocalRotation: {x: -0, y: -0, z: -0, w: 1}
  m_LocalPosition: {x: 0.00000020535663, y: 0.00000010430813, z: 0.03978068}
  m_LocalScale: {x: 0.9999986, y: 1, z: 0.99999994}
  m_Children:
  - {fileID: 4028951445378892}
  m_Father: {fileID: 4875333472661194}
  m_RootOrder: 0
  m_LocalEulerAnglesHint: {x: 0, y: 0, z: 0}
--- !u!4 &4587337270379874
Transform:
  m_ObjectHideFlags: 1
  m_CorrespondingSourceObject: {fileID: 0}
  m_PrefabInternal: {fileID: 100100000}
  m_GameObject: {fileID: 1706742966226178}
  m_LocalRotation: {x: -0, y: -0, z: -0, w: 1}
  m_LocalPosition: {x: -0.000000051921234, y: 0.00000011056826, z: 0.017400637}
  m_LocalScale: {x: 1, y: 1, z: 1}
  m_Children: []
  m_Father: {fileID: 4487367508680182}
  m_RootOrder: 0
  m_LocalEulerAnglesHint: {x: 0, y: 0, z: 0}
--- !u!4 &4613623258526892
Transform:
  m_ObjectHideFlags: 1
  m_CorrespondingSourceObject: {fileID: 0}
  m_PrefabInternal: {fileID: 100100000}
  m_GameObject: {fileID: 1916862192291380}
  m_LocalRotation: {x: -0, y: -0, z: -0, w: 1}
  m_LocalPosition: {x: -0.00000035949066, y: -0.0000000011641479, z: 0.015958738}
  m_LocalScale: {x: 0.9999998, y: 1, z: 1}
  m_Children: []
  m_Father: {fileID: 4370878702012072}
  m_RootOrder: 0
  m_LocalEulerAnglesHint: {x: 0, y: 0, z: 0}
--- !u!4 &4621987102946668
Transform:
  m_ObjectHideFlags: 1
  m_CorrespondingSourceObject: {fileID: 0}
  m_PrefabInternal: {fileID: 100100000}
  m_GameObject: {fileID: 1209433632784542}
  m_LocalRotation: {x: -0, y: -0, z: -0, w: 1}
  m_LocalPosition: {x: 0.0107165575, y: 0.041318, z: 0.45000076}
  m_LocalScale: {x: 1, y: 1, z: 1}
  m_Children:
  - {fileID: 4691909066417190}
  - {fileID: 4312744231716044}
  m_Father: {fileID: 0}
  m_RootOrder: 0
  m_LocalEulerAnglesHint: {x: 0, y: 0, z: 0}
--- !u!4 &4646621432825918
Transform:
  m_ObjectHideFlags: 1
  m_CorrespondingSourceObject: {fileID: 0}
  m_PrefabInternal: {fileID: 100100000}
  m_GameObject: {fileID: 1065251372945854}
  m_LocalRotation: {x: 0.06767924, y: 0.06845528, z: -0.10489069, w: 0.9898138}
  m_LocalPosition: {x: 0.13744712, y: 0.17400005, z: -0.115552396}
  m_LocalScale: {x: 1, y: 1, z: 1}
  m_Children:
  - {fileID: 4452420412003744}
  m_Father: {fileID: 4312744231716044}
  m_RootOrder: 5
  m_LocalEulerAnglesHint: {x: 0, y: 0, z: 0}
--- !u!4 &4657129498051148
Transform:
  m_ObjectHideFlags: 1
  m_CorrespondingSourceObject: {fileID: 0}
  m_PrefabInternal: {fileID: 100100000}
  m_GameObject: {fileID: 1960081205921554}
  m_LocalRotation: {x: -0, y: -0, z: 0.000000007450581, w: 1}
  m_LocalPosition: {x: 0.000000056345016, y: -0.00000002013985, z: 0.032739855}
  m_LocalScale: {x: 1, y: 1.0000002, z: 1}
  m_Children:
  - {fileID: 4170708553642666}
  m_Father: {fileID: 4756421016930822}
  m_RootOrder: 0
  m_LocalEulerAnglesHint: {x: 0, y: 0, z: 0}
--- !u!4 &4665787327364696
Transform:
  m_ObjectHideFlags: 1
  m_CorrespondingSourceObject: {fileID: 0}
  m_PrefabInternal: {fileID: 100100000}
  m_GameObject: {fileID: 1646431106663106}
  m_LocalRotation: {x: -0, y: -0, z: -0, w: 1}
  m_LocalPosition: {x: 0.00000041071326, y: 0.000000019790582, z: 0.015958756}
  m_LocalScale: {x: 1, y: 1.0000011, z: 1}
  m_Children: []
  m_Father: {fileID: 4170708553642666}
  m_RootOrder: 0
  m_LocalEulerAnglesHint: {x: 0, y: 0, z: 0}
--- !u!4 &4682641606970900
Transform:
  m_ObjectHideFlags: 1
  m_CorrespondingSourceObject: {fileID: 0}
  m_PrefabInternal: {fileID: 100100000}
  m_GameObject: {fileID: 1581010515602776}
  m_LocalRotation: {x: -0, y: -0, z: -0.0000000013969839, w: 1}
  m_LocalPosition: {x: 0.0000005895272, y: 0.0000003199093, z: 0.0315693}
  m_LocalScale: {x: 1.0000107, y: 1.000008, z: 1.0000001}
  m_Children:
  - {fileID: 4070255159455456}
  m_Father: {fileID: 4361981805521018}
  m_RootOrder: 0
  m_LocalEulerAnglesHint: {x: 0, y: 0, z: 0}
--- !u!4 &4691909066417190
Transform:
  m_ObjectHideFlags: 1
  m_CorrespondingSourceObject: {fileID: 0}
  m_PrefabInternal: {fileID: 100100000}
  m_GameObject: {fileID: 1617729630332874}
  m_LocalRotation: {x: -0, y: -0, z: -0, w: 1}
  m_LocalPosition: {x: -0.0107165575, y: -0.04131803, z: -0.3171697}
  m_LocalScale: {x: 1, y: 1, z: 1}
  m_Children:
  - {fileID: 4387066923780992}
  - {fileID: 4194652122508876}
  - {fileID: 4361981805521018}
  - {fileID: 4050584841528838}
  - {fileID: 4208282412603082}
  - {fileID: 4489734721061006}
  - {fileID: 4981119067030366}
  m_Father: {fileID: 4621987102946668}
  m_RootOrder: 0
  m_LocalEulerAnglesHint: {x: 0, y: 0, z: 0}
--- !u!4 &4722340185341268
Transform:
  m_ObjectHideFlags: 1
  m_CorrespondingSourceObject: {fileID: 0}
  m_PrefabInternal: {fileID: 100100000}
  m_GameObject: {fileID: 1982031488696788}
  m_LocalRotation: {x: -0, y: 0.000000087422784, z: -0, w: 1}
  m_LocalPosition: {x: 0.120000005, y: 0.17000005, z: -0.13283107}
  m_LocalScale: {x: 1, y: 1, z: 1}
  m_Children: []
  m_Father: {fileID: 4312744231716044}
  m_RootOrder: 1
  m_LocalEulerAnglesHint: {x: 0, y: 0, z: 0}
--- !u!4 &4736665900628368
Transform:
  m_ObjectHideFlags: 1
  m_CorrespondingSourceObject: {fileID: 0}
  m_PrefabInternal: {fileID: 100100000}
  m_GameObject: {fileID: 1910626765761478}
  m_LocalRotation: {x: -0, y: -0, z: 4.6566134e-10, w: 1}
  m_LocalPosition: {x: -0.0000000949949, y: 0.00000010756776, z: 0.0397807}
  m_LocalScale: {x: 1, y: 1, z: 1}
  m_Children:
  - {fileID: 4341825197552964}
  m_Father: {fileID: 4050584841528838}
  m_RootOrder: 0
  m_LocalEulerAnglesHint: {x: 0, y: 0, z: 0}
--- !u!4 &4756421016930822
Transform:
  m_ObjectHideFlags: 1
  m_CorrespondingSourceObject: {fileID: 0}
  m_PrefabInternal: {fileID: 100100000}
  m_GameObject: {fileID: 1475050302196382}
  m_LocalRotation: {x: 0.029145634, y: 0.13843821, z: -0.17725913, w: 0.9739428}
  m_LocalPosition: {x: 0.15533745, y: 0.17000005, z: -0.12310168}
  m_LocalScale: {x: 1, y: 1, z: 1}
  m_Children:
  - {fileID: 4657129498051148}
  m_Father: {fileID: 4312744231716044}
  m_RootOrder: 6
  m_LocalEulerAnglesHint: {x: 0, y: 0, z: 0}
--- !u!4 &4761238536675908
Transform:
  m_ObjectHideFlags: 1
  m_CorrespondingSourceObject: {fileID: 0}
  m_PrefabInternal: {fileID: 100100000}
  m_GameObject: {fileID: 1660543186006662}
  m_LocalRotation: {x: -0, y: -0, z: -0, w: 1}
  m_LocalPosition: {x: 0.00000003166502, y: -0.000000017695129, z: 0.01581994}
  m_LocalScale: {x: 1, y: 1, z: 1}
  m_Children: []
  m_Father: {fileID: 4028951445378892}
  m_RootOrder: 0
  m_LocalEulerAnglesHint: {x: 0, y: 0, z: 0}
--- !u!4 &4802691963844612
Transform:
  m_ObjectHideFlags: 1
  m_CorrespondingSourceObject: {fileID: 0}
  m_PrefabInternal: {fileID: 100100000}
  m_GameObject: {fileID: 1044310402135076}
  m_LocalRotation: {x: 0.0752779, y: -0.009242156, z: -0.07399494, w: 0.99437046}
  m_LocalPosition: {x: 0.11721122, y: 0.17400005, z: -0.10957858}
  m_LocalScale: {x: 1, y: 1, z: 1}
  m_Children:
  - {fileID: 4501081147846528}
  m_Father: {fileID: 4312744231716044}
  m_RootOrder: 4
  m_LocalEulerAnglesHint: {x: 0, y: 0, z: 0}
--- !u!4 &4808828023426882
Transform:
  m_ObjectHideFlags: 1
  m_CorrespondingSourceObject: {fileID: 0}
  m_PrefabInternal: {fileID: 100100000}
  m_GameObject: {fileID: 1204107891731644}
  m_LocalRotation: {x: -0, y: -0, z: 0.0000000074505797, w: 1}
  m_LocalPosition: {x: -0.00000006146729, y: -0.000000019033905, z: 0.03273986}
  m_LocalScale: {x: 0.9999999, y: 1, z: 1}
  m_Children:
  - {fileID: 4370878702012072}
  m_Father: {fileID: 4981119067030366}
  m_RootOrder: 0
  m_LocalEulerAnglesHint: {x: 0, y: 0, z: 0}
--- !u!4 &4875333472661194
Transform:
  m_ObjectHideFlags: 1
  m_CorrespondingSourceObject: {fileID: 0}
  m_PrefabInternal: {fileID: 100100000}
  m_GameObject: {fileID: 1730623360615210}
  m_LocalRotation: {x: 0.074111775, y: -0.08401706, z: 0.006266227, w: 0.9936847}
  m_LocalPosition: {x: 0.096818686, y: 0.17200002, z: -0.10968158}
  m_LocalScale: {x: 1, y: 1, z: 1}
  m_Children:
  - {fileID: 4541921967973744}
  m_Father: {fileID: 4312744231716044}
  m_RootOrder: 3
  m_LocalEulerAnglesHint: {x: 0, y: 0, z: 0}
--- !u!4 &4879000132125364
Transform:
  m_ObjectHideFlags: 1
  m_CorrespondingSourceObject: {fileID: 0}
  m_PrefabInternal: {fileID: 100100000}
  m_GameObject: {fileID: 1299164098498954}
  m_LocalRotation: {x: -0, y: -0, z: -0, w: 1}
  m_LocalPosition: {x: -0.000000031922795, y: -0.00000006824433, z: 0.017299853}
  m_LocalScale: {x: 0.9999995, y: 1, z: 1}
  m_Children: []
  m_Father: {fileID: 4115030446755274}
  m_RootOrder: 0
  m_LocalEulerAnglesHint: {x: 0, y: 0, z: 0}
--- !u!4 &4981119067030366
Transform:
  m_ObjectHideFlags: 1
  m_CorrespondingSourceObject: {fileID: 0}
  m_PrefabInternal: {fileID: 100100000}
  m_GameObject: {fileID: 1737681152455068}
  m_LocalRotation: {x: 0.029145649, y: -0.13843814, z: 0.17725912, w: 0.9739429}
  m_LocalPosition: {x: -0.15533745, y: 0.17000005, z: -0.12310168}
  m_LocalScale: {x: 1, y: 1, z: 1}
  m_Children:
  - {fileID: 4808828023426882}
  m_Father: {fileID: 4691909066417190}
  m_RootOrder: 6
  m_LocalEulerAnglesHint: {x: 0, y: 0, z: 0}
--- !u!4 &4996753111303778
Transform:
  m_ObjectHideFlags: 1
  m_CorrespondingSourceObject: {fileID: 0}
  m_PrefabInternal: {fileID: 100100000}
  m_GameObject: {fileID: 1913976961492312}
  m_LocalRotation: {x: -0, y: -0, z: -5.551115e-17, w: 1}
  m_LocalPosition: {x: -0.000000041992955, y: 0.00000006946697, z: 0.025650503}
  m_LocalScale: {x: 1, y: 1, z: 0.9999994}
  m_Children:
  - {fileID: 4211886647752670}
  m_Father: {fileID: 4452420412003744}
  m_RootOrder: 0
  m_LocalEulerAnglesHint: {x: 0, y: 0, z: 0}
--- !u!23 &23654566863080910
MeshRenderer:
  m_ObjectHideFlags: 1
  m_CorrespondingSourceObject: {fileID: 0}
  m_PrefabInternal: {fileID: 100100000}
  m_GameObject: {fileID: 1608939378568310}
  m_Enabled: 1
  m_CastShadows: 1
  m_ReceiveShadows: 1
  m_DynamicOccludee: 1
  m_MotionVectors: 1
  m_LightProbeUsage: 1
  m_ReflectionProbeUsage: 1
  m_RenderingLayerMask: 4294967295
  m_Materials:
  - {fileID: 2100000, guid: 8d953f5120240094aa24dc011de9282e, type: 2}
  m_StaticBatchInfo:
    firstSubMesh: 0
    subMeshCount: 0
  m_StaticBatchRoot: {fileID: 0}
  m_ProbeAnchor: {fileID: 0}
  m_LightProbeVolumeOverride: {fileID: 0}
  m_ScaleInLightmap: 1
  m_PreserveUVs: 0
  m_IgnoreNormalsForChartDetection: 0
  m_ImportantGI: 0
  m_StitchLightmapSeams: 0
  m_SelectedEditorRenderState: 3
  m_MinimumChartSize: 4
  m_AutoUVMaxDistance: 0.5
  m_AutoUVMaxAngle: 89
  m_LightmapParameters: {fileID: 0}
  m_SortingLayerID: 0
  m_SortingLayer: 0
  m_SortingOrder: 0
--- !u!33 &33011664866075214
MeshFilter:
  m_ObjectHideFlags: 1
  m_CorrespondingSourceObject: {fileID: 0}
  m_PrefabInternal: {fileID: 100100000}
  m_GameObject: {fileID: 1608939378568310}
  m_Mesh: {fileID: 4300000, guid: f3e213144e7a40940995915facadfee6, type: 3}
--- !u!54 &54064452489175978
Rigidbody:
  m_ObjectHideFlags: 1
  m_CorrespondingSourceObject: {fileID: 0}
  m_PrefabInternal: {fileID: 100100000}
  m_GameObject: {fileID: 1608939378568310}
  serializedVersion: 2
  m_Mass: 1
  m_Drag: 0
  m_AngularDrag: 0.05
  m_UseGravity: 0
  m_IsKinematic: 1
  m_Interpolate: 0
  m_Constraints: 0
  m_CollisionDetection: 0
--- !u!65 &65872323763249754
BoxCollider:
  m_ObjectHideFlags: 1
  m_CorrespondingSourceObject: {fileID: 0}
  m_PrefabInternal: {fileID: 100100000}
  m_GameObject: {fileID: 1608939378568310}
  m_Material: {fileID: 0}
  m_IsTrigger: 1
  m_Enabled: 1
  serializedVersion: 2
  m_Size: {x: 0.3124623, y: 2.6516802, z: 0.06705013}
  m_Center: {x: 0.025986398, y: 0.38762966, z: -0.000000048260812}
--- !u!95 &95403309343627094
Animator:
  serializedVersion: 3
  m_ObjectHideFlags: 1
  m_CorrespondingSourceObject: {fileID: 0}
  m_PrefabInternal: {fileID: 100100000}
  m_GameObject: {fileID: 1608939378568310}
  m_Enabled: 1
  m_Avatar: {fileID: 9000000, guid: f3e213144e7a40940995915facadfee6, type: 3}
  m_Controller: {fileID: 0}
  m_CullingMode: 0
  m_UpdateMode: 0
  m_ApplyRootMotion: 0
  m_LinearVelocityBlending: 0
  m_WarningMessage: 
  m_HasTransformHierarchy: 1
  m_AllowConstantClipSamplingOptimization: 1
  m_KeepAnimatorControllerStateOnDisable: 0
--- !u!114 &114014453661914708
MonoBehaviour:
  m_ObjectHideFlags: 1
  m_CorrespondingSourceObject: {fileID: 0}
  m_PrefabInternal: {fileID: 100100000}
  m_GameObject: {fileID: 1044310402135076}
  m_Enabled: 1
  m_EditorHideFlags: 0
  m_Script: {fileID: 11500000, guid: d12011a4b27c58f4f8969e87c61ab8d3, type: 3}
  m_Name: 
  m_EditorClassIdentifier: 
  attachmentHand: {fileID: 114358792001172674}
  attachmentPoint: 1024
--- !u!114 &114034435870478348
MonoBehaviour:
  m_ObjectHideFlags: 1
  m_CorrespondingSourceObject: {fileID: 0}
  m_PrefabInternal: {fileID: 100100000}
  m_GameObject: {fileID: 1199920766830122}
  m_Enabled: 1
  m_EditorHideFlags: 0
  m_Script: {fileID: 11500000, guid: d12011a4b27c58f4f8969e87c61ab8d3, type: 3}
  m_Name: 
  m_EditorClassIdentifier: 
  attachmentHand: {fileID: 114358792001172674}
  attachmentPoint: 8
--- !u!114 &114055143208214244
MonoBehaviour:
  m_ObjectHideFlags: 1
  m_CorrespondingSourceObject: {fileID: 0}
  m_PrefabInternal: {fileID: 100100000}
  m_GameObject: {fileID: 1209433632784542}
  m_Enabled: 1
  m_EditorHideFlags: 0
  m_Script: {fileID: 11500000, guid: 837d86160f18abd408508cb2e0279f42, type: 3}
  m_Name: 
  m_EditorClassIdentifier: 
  _attachmentPoints: 4194302
--- !u!114 &114073550503908204
MonoBehaviour:
  m_ObjectHideFlags: 1
  m_CorrespondingSourceObject: {fileID: 0}
  m_PrefabInternal: {fileID: 100100000}
  m_GameObject: {fileID: 1067389448413244}
  m_Enabled: 1
  m_EditorHideFlags: 0
  m_Script: {fileID: 11500000, guid: d12011a4b27c58f4f8969e87c61ab8d3, type: 3}
  m_Name: 
  m_EditorClassIdentifier: 
  attachmentHand: {fileID: 114838991118385872}
  attachmentPoint: 8
--- !u!114 &114083172365936746
MonoBehaviour:
  m_ObjectHideFlags: 1
  m_CorrespondingSourceObject: {fileID: 0}
  m_PrefabInternal: {fileID: 100100000}
  m_GameObject: {fileID: 1050356722165678}
  m_Enabled: 1
  m_EditorHideFlags: 0
  m_Script: {fileID: 11500000, guid: d12011a4b27c58f4f8969e87c61ab8d3, type: 3}
  m_Name: 
  m_EditorClassIdentifier: 
  attachmentHand: {fileID: 114838991118385872}
  attachmentPoint: 4096
--- !u!114 &114088075998311462
MonoBehaviour:
  m_ObjectHideFlags: 1
  m_CorrespondingSourceObject: {fileID: 0}
  m_PrefabInternal: {fileID: 100100000}
  m_GameObject: {fileID: 1299164098498954}
  m_Enabled: 1
  m_EditorHideFlags: 0
  m_Script: {fileID: 11500000, guid: d12011a4b27c58f4f8969e87c61ab8d3, type: 3}
  m_Name: 
  m_EditorClassIdentifier: 
  attachmentHand: {fileID: 114838991118385872}
  attachmentPoint: 131072
--- !u!114 &114138824939270072
MonoBehaviour:
  m_ObjectHideFlags: 1
  m_CorrespondingSourceObject: {fileID: 0}
  m_PrefabInternal: {fileID: 100100000}
  m_GameObject: {fileID: 1477325093482922}
  m_Enabled: 1
  m_EditorHideFlags: 0
  m_Script: {fileID: 11500000, guid: d12011a4b27c58f4f8969e87c61ab8d3, type: 3}
  m_Name: 
  m_EditorClassIdentifier: 
  attachmentHand: {fileID: 114358792001172674}
  attachmentPoint: 16
--- !u!114 &114151093526996046
MonoBehaviour:
  m_ObjectHideFlags: 1
  m_CorrespondingSourceObject: {fileID: 0}
  m_PrefabInternal: {fileID: 100100000}
  m_GameObject: {fileID: 1823156887889462}
  m_Enabled: 1
  m_EditorHideFlags: 0
  m_Script: {fileID: 11500000, guid: d12011a4b27c58f4f8969e87c61ab8d3, type: 3}
  m_Name: 
  m_EditorClassIdentifier: 
  attachmentHand: {fileID: 114358792001172674}
  attachmentPoint: 4096
--- !u!114 &114157523975710146
MonoBehaviour:
  m_ObjectHideFlags: 1
  m_CorrespondingSourceObject: {fileID: 0}
  m_PrefabInternal: {fileID: 100100000}
  m_GameObject: {fileID: 1581010515602776}
  m_Enabled: 1
  m_EditorHideFlags: 0
  m_Script: {fileID: 11500000, guid: d12011a4b27c58f4f8969e87c61ab8d3, type: 3}
  m_Name: 
  m_EditorClassIdentifier: 
  attachmentHand: {fileID: 114838991118385872}
  attachmentPoint: 16
--- !u!114 &114177833164259980
MonoBehaviour:
  m_ObjectHideFlags: 1
  m_CorrespondingSourceObject: {fileID: 0}
  m_PrefabInternal: {fileID: 100100000}
  m_GameObject: {fileID: 1660543186006662}
  m_Enabled: 1
  m_EditorHideFlags: 0
  m_Script: {fileID: 11500000, guid: d12011a4b27c58f4f8969e87c61ab8d3, type: 3}
  m_Name: 
  m_EditorClassIdentifier: 
  attachmentHand: {fileID: 114358792001172674}
  attachmentPoint: 512
--- !u!114 &114210984535093350
MonoBehaviour:
  m_ObjectHideFlags: 1
  m_CorrespondingSourceObject: {fileID: 0}
  m_PrefabInternal: {fileID: 100100000}
  m_GameObject: {fileID: 1982031488696788}
  m_Enabled: 1
  m_EditorHideFlags: 0
  m_Script: {fileID: 11500000, guid: d12011a4b27c58f4f8969e87c61ab8d3, type: 3}
  m_Name: 
  m_EditorClassIdentifier: 
  attachmentHand: {fileID: 0}
  attachmentPoint: 4
--- !u!114 &114223438750203038
MonoBehaviour:
  m_ObjectHideFlags: 1
  m_CorrespondingSourceObject: {fileID: 0}
  m_PrefabInternal: {fileID: 100100000}
  m_GameObject: {fileID: 1617729630332874}
  m_Enabled: 1
  m_EditorHideFlags: 0
  m_Script: {fileID: 11500000, guid: e98e641d160144e87a3d33fcdb893a02, type: 3}
  m_Name: 
  m_EditorClassIdentifier: 
  OnActivate:
    m_PersistentCalls:
      m_Calls:
      - m_Target: {fileID: 0}
        m_MethodName: SendMessage
        m_Mode: 5
        m_Arguments:
          m_ObjectArgument: {fileID: 0}
          m_ObjectArgumentAssemblyTypeName: UnityEngine.Object, UnityEngine
          m_IntArgument: 0
          m_FloatArgument: 0
          m_StringArgument: Bonjour le france
          m_BoolArgument: 0
        m_CallState: 2
    m_TypeName: UnityEngine.Events.UnityEvent, UnityEngine.CoreModule, Version=0.0.0.0,
      Culture=neutral, PublicKeyToken=null
  OnDeactivate:
    m_PersistentCalls:
      m_Calls: []
    m_TypeName: UnityEngine.Events.UnityEvent, UnityEngine.CoreModule, Version=0.0.0.0,
      Culture=neutral, PublicKeyToken=null
  Period: 0.1
  HandModel: {fileID: 0}
  Thumb: 0
  Index: 0
  Middle: 0
  Ring: 0
  Pinky: 0
  MinimumExtendedCount: 5
  MaximumExtendedCount: 5
  ShowGizmos: 1
--- !u!114 &114224099263862670
MonoBehaviour:
  m_ObjectHideFlags: 1
  m_CorrespondingSourceObject: {fileID: 0}
  m_PrefabInternal: {fileID: 100100000}
  m_GameObject: {fileID: 1319279315057046}
  m_Enabled: 1
  m_EditorHideFlags: 0
  m_Script: {fileID: 11500000, guid: d12011a4b27c58f4f8969e87c61ab8d3, type: 3}
  m_Name: 
  m_EditorClassIdentifier: 
  attachmentHand: {fileID: 114838991118385872}
  attachmentPoint: 32
--- !u!114 &114239527626279762
MonoBehaviour:
  m_ObjectHideFlags: 1
  m_CorrespondingSourceObject: {fileID: 0}
  m_PrefabInternal: {fileID: 100100000}
  m_GameObject: {fileID: 1646431106663106}
  m_Enabled: 1
  m_EditorHideFlags: 0
  m_Script: {fileID: 11500000, guid: d12011a4b27c58f4f8969e87c61ab8d3, type: 3}
  m_Name: 
  m_EditorClassIdentifier: 
  attachmentHand: {fileID: 114358792001172674}
  attachmentPoint: 2097152
--- !u!114 &114305577127477658
MonoBehaviour:
  m_ObjectHideFlags: 1
  m_CorrespondingSourceObject: {fileID: 0}
  m_PrefabInternal: {fileID: 100100000}
  m_GameObject: {fileID: 1433304074265240}
  m_Enabled: 1
  m_EditorHideFlags: 0
  m_Script: {fileID: 11500000, guid: d12011a4b27c58f4f8969e87c61ab8d3, type: 3}
  m_Name: 
  m_EditorClassIdentifier: 
  attachmentHand: {fileID: 114358792001172674}
  attachmentPoint: 32768
--- !u!114 &114321500510886724
MonoBehaviour:
  m_ObjectHideFlags: 1
  m_CorrespondingSourceObject: {fileID: 0}
  m_PrefabInternal: {fileID: 100100000}
  m_GameObject: {fileID: 1851343373279516}
  m_Enabled: 1
  m_EditorHideFlags: 0
  m_Script: {fileID: 11500000, guid: d12011a4b27c58f4f8969e87c61ab8d3, type: 3}
  m_Name: 
  m_EditorClassIdentifier: 
  attachmentHand: {fileID: 114838991118385872}
  attachmentPoint: 2048
--- !u!114 &114342489249088564
MonoBehaviour:
  m_ObjectHideFlags: 1
  m_CorrespondingSourceObject: {fileID: 0}
  m_PrefabInternal: {fileID: 100100000}
  m_GameObject: {fileID: 1349112224743202}
  m_Enabled: 1
  m_EditorHideFlags: 0
  m_Script: {fileID: 11500000, guid: d12011a4b27c58f4f8969e87c61ab8d3, type: 3}
  m_Name: 
  m_EditorClassIdentifier: 
  attachmentHand: {fileID: 114838991118385872}
  attachmentPoint: 32768
--- !u!114 &114358573315121414
MonoBehaviour:
  m_ObjectHideFlags: 1
  m_CorrespondingSourceObject: {fileID: 0}
  m_PrefabInternal: {fileID: 100100000}
  m_GameObject: {fileID: 1537551756452126}
  m_Enabled: 1
  m_EditorHideFlags: 0
  m_Script: {fileID: 11500000, guid: d12011a4b27c58f4f8969e87c61ab8d3, type: 3}
  m_Name: 
  m_EditorClassIdentifier: 
  attachmentHand: {fileID: 114358792001172674}
  attachmentPoint: 256
--- !u!114 &114358792001172674
MonoBehaviour:
  m_ObjectHideFlags: 1
  m_CorrespondingSourceObject: {fileID: 0}
  m_PrefabInternal: {fileID: 100100000}
  m_GameObject: {fileID: 1895169162512710}
  m_Enabled: 1
  m_EditorHideFlags: 0
  m_Script: {fileID: 11500000, guid: 7f743acdc0955f349b54c7a240435271, type: 3}
  m_Name: 
  m_EditorClassIdentifier: 
  wrist: {fileID: 114845208811111428}
  palm: {fileID: 114210984535093350}
  thumbProximalJoint: {fileID: 114034435870478348}
  thumbDistalJoint: {fileID: 114138824939270072}
  thumbTip: {fileID: 114865975203965640}
  indexKnuckle: {fileID: 114408874787322000}
  indexMiddleJoint: {fileID: 114741491814441910}
  indexDistalJoint: {fileID: 114358573315121414}
  indexTip: {fileID: 114177833164259980}
  middleKnuckle: {fileID: 114014453661914708}
  middleMiddleJoint: {fileID: 114363730925029892}
  middleDistalJoint: {fileID: 114151093526996046}
  middleTip: {fileID: 114477183329298014}
  ringKnuckle: {fileID: 114499705102327778}
  ringMiddleJoint: {fileID: 114305577127477658}
  ringDistalJoint: {fileID: 114363943587946740}
  ringTip: {fileID: 114753425831559314}
  pinkyKnuckle: {fileID: 114773951620373082}
  pinkyMiddleJoint: {fileID: 114799685616040776}
  pinkyDistalJoint: {fileID: 114938165432325318}
  pinkyTip: {fileID: 114239527626279762}
  _chirality: 1
  _isTracked: 1
--- !u!114 &114363730925029892
MonoBehaviour:
  m_ObjectHideFlags: 1
  m_CorrespondingSourceObject: {fileID: 0}
  m_PrefabInternal: {fileID: 100100000}
  m_GameObject: {fileID: 1103399272583268}
  m_Enabled: 1
  m_EditorHideFlags: 0
  m_Script: {fileID: 11500000, guid: d12011a4b27c58f4f8969e87c61ab8d3, type: 3}
  m_Name: 
  m_EditorClassIdentifier: 
  attachmentHand: {fileID: 114358792001172674}
  attachmentPoint: 2048
--- !u!114 &114363943587946740
MonoBehaviour:
  m_ObjectHideFlags: 1
  m_CorrespondingSourceObject: {fileID: 0}
  m_PrefabInternal: {fileID: 100100000}
  m_GameObject: {fileID: 1913976961492312}
  m_Enabled: 1
  m_EditorHideFlags: 0
  m_Script: {fileID: 11500000, guid: d12011a4b27c58f4f8969e87c61ab8d3, type: 3}
  m_Name: 
  m_EditorClassIdentifier: 
  attachmentHand: {fileID: 114358792001172674}
  attachmentPoint: 65536
--- !u!114 &114408874787322000
MonoBehaviour:
  m_ObjectHideFlags: 1
  m_CorrespondingSourceObject: {fileID: 0}
  m_PrefabInternal: {fileID: 100100000}
  m_GameObject: {fileID: 1730623360615210}
  m_Enabled: 1
  m_EditorHideFlags: 0
  m_Script: {fileID: 11500000, guid: d12011a4b27c58f4f8969e87c61ab8d3, type: 3}
  m_Name: 
  m_EditorClassIdentifier: 
  attachmentHand: {fileID: 114358792001172674}
  attachmentPoint: 64
--- !u!114 &114456161529112376
MonoBehaviour:
  m_ObjectHideFlags: 1
  m_CorrespondingSourceObject: {fileID: 0}
  m_PrefabInternal: {fileID: 100100000}
  m_GameObject: {fileID: 1824263823558724}
  m_Enabled: 1
  m_EditorHideFlags: 0
  m_Script: {fileID: 11500000, guid: d12011a4b27c58f4f8969e87c61ab8d3, type: 3}
  m_Name: 
  m_EditorClassIdentifier: 
  attachmentHand: {fileID: 114838991118385872}
  attachmentPoint: 1048576
--- !u!114 &114477183329298014
MonoBehaviour:
  m_ObjectHideFlags: 1
  m_CorrespondingSourceObject: {fileID: 0}
  m_PrefabInternal: {fileID: 100100000}
  m_GameObject: {fileID: 1234154391001232}
  m_Enabled: 1
  m_EditorHideFlags: 0
  m_Script: {fileID: 11500000, guid: d12011a4b27c58f4f8969e87c61ab8d3, type: 3}
  m_Name: 
  m_EditorClassIdentifier: 
  attachmentHand: {fileID: 114358792001172674}
  attachmentPoint: 8192
--- !u!114 &114481168805264082
MonoBehaviour:
  m_ObjectHideFlags: 1
  m_CorrespondingSourceObject: {fileID: 0}
  m_PrefabInternal: {fileID: 100100000}
  m_GameObject: {fileID: 1737681152455068}
  m_Enabled: 1
  m_EditorHideFlags: 0
  m_Script: {fileID: 11500000, guid: d12011a4b27c58f4f8969e87c61ab8d3, type: 3}
  m_Name: 
  m_EditorClassIdentifier: 
  attachmentHand: {fileID: 114838991118385872}
  attachmentPoint: 262144
--- !u!114 &114499705102327778
MonoBehaviour:
  m_ObjectHideFlags: 1
  m_CorrespondingSourceObject: {fileID: 0}
  m_PrefabInternal: {fileID: 100100000}
  m_GameObject: {fileID: 1065251372945854}
  m_Enabled: 1
  m_EditorHideFlags: 0
  m_Script: {fileID: 11500000, guid: d12011a4b27c58f4f8969e87c61ab8d3, type: 3}
  m_Name: 
  m_EditorClassIdentifier: 
  attachmentHand: {fileID: 114358792001172674}
  attachmentPoint: 16384
--- !u!114 &114500752109442218
MonoBehaviour:
  m_ObjectHideFlags: 1
  m_CorrespondingSourceObject: {fileID: 0}
  m_PrefabInternal: {fileID: 100100000}
  m_GameObject: {fileID: 1759411252267094}
  m_Enabled: 1
  m_EditorHideFlags: 0
  m_Script: {fileID: 11500000, guid: d12011a4b27c58f4f8969e87c61ab8d3, type: 3}
  m_Name: 
  m_EditorClassIdentifier: 
  attachmentHand: {fileID: 114838991118385872}
  attachmentPoint: 65536
--- !u!114 &114521560878796356
MonoBehaviour:
  m_ObjectHideFlags: 1
  m_CorrespondingSourceObject: {fileID: 0}
  m_PrefabInternal: {fileID: 100100000}
  m_GameObject: {fileID: 1950751938744300}
  m_Enabled: 1
  m_EditorHideFlags: 0
  m_Script: {fileID: 11500000, guid: d12011a4b27c58f4f8969e87c61ab8d3, type: 3}
  m_Name: 
  m_EditorClassIdentifier: 
  attachmentHand: {fileID: 0}
  attachmentPoint: 4
--- !u!114 &114524326028518786
MonoBehaviour:
  m_ObjectHideFlags: 1
  m_CorrespondingSourceObject: {fileID: 0}
  m_PrefabInternal: {fileID: 100100000}
  m_GameObject: {fileID: 1473308770579650}
  m_Enabled: 1
  m_EditorHideFlags: 0
  m_Script: {fileID: 11500000, guid: d12011a4b27c58f4f8969e87c61ab8d3, type: 3}
  m_Name: 
  m_EditorClassIdentifier: 
  attachmentHand: {fileID: 114838991118385872}
  attachmentPoint: 64
--- !u!114 &114568373493193222
MonoBehaviour:
  m_ObjectHideFlags: 1
  m_CorrespondingSourceObject: {fileID: 0}
  m_PrefabInternal: {fileID: 100100000}
  m_GameObject: {fileID: 1916862192291380}
  m_Enabled: 1
  m_EditorHideFlags: 0
  m_Script: {fileID: 11500000, guid: d12011a4b27c58f4f8969e87c61ab8d3, type: 3}
  m_Name: 
  m_EditorClassIdentifier: 
  attachmentHand: {fileID: 114838991118385872}
  attachmentPoint: 2097152
--- !u!114 &114569149388873866
MonoBehaviour:
  m_ObjectHideFlags: 1
  m_CorrespondingSourceObject: {fileID: 0}
  m_PrefabInternal: {fileID: 100100000}
  m_GameObject: {fileID: 1706742966226178}
  m_Enabled: 1
  m_EditorHideFlags: 0
  m_Script: {fileID: 11500000, guid: d12011a4b27c58f4f8969e87c61ab8d3, type: 3}
  m_Name: 
  m_EditorClassIdentifier: 
  attachmentHand: {fileID: 114838991118385872}
  attachmentPoint: 8192
--- !u!114 &114633702472945796
MonoBehaviour:
  m_ObjectHideFlags: 1
  m_CorrespondingSourceObject: {fileID: 0}
  m_PrefabInternal: {fileID: 100100000}
  m_GameObject: {fileID: 1608939378568310}
  m_Enabled: 1
  m_EditorHideFlags: 0
  m_Script: {fileID: 11500000, guid: 71a9cfcad4dff4048868273fda497171, type: 3}
  m_Name: 
  m_EditorClassIdentifier: 
--- !u!114 &114642144964322026
MonoBehaviour:
  m_ObjectHideFlags: 1
  m_CorrespondingSourceObject: {fileID: 0}
  m_PrefabInternal: {fileID: 100100000}
  m_GameObject: {fileID: 1204107891731644}
  m_Enabled: 1
  m_EditorHideFlags: 0
  m_Script: {fileID: 11500000, guid: d12011a4b27c58f4f8969e87c61ab8d3, type: 3}
  m_Name: 
  m_EditorClassIdentifier: 
  attachmentHand: {fileID: 114838991118385872}
  attachmentPoint: 524288
--- !u!114 &114656863097063562
MonoBehaviour:
  m_ObjectHideFlags: 1
  m_CorrespondingSourceObject: {fileID: 0}
  m_PrefabInternal: {fileID: 100100000}
  m_GameObject: {fileID: 1326374248045636}
  m_Enabled: 1
  m_EditorHideFlags: 0
  m_Script: {fileID: 11500000, guid: d12011a4b27c58f4f8969e87c61ab8d3, type: 3}
  m_Name: 
  m_EditorClassIdentifier: 
  attachmentHand: {fileID: 114838991118385872}
  attachmentPoint: 16384
--- !u!114 &114689833834439570
MonoBehaviour:
  m_ObjectHideFlags: 1
  m_CorrespondingSourceObject: {fileID: 0}
  m_PrefabInternal: {fileID: 100100000}
  m_GameObject: {fileID: 1209433632784542}
  m_Enabled: 1
  m_EditorHideFlags: 0
  m_Script: {fileID: 11500000, guid: e933f13d48c681d48b14750922ac906d, type: 3}
  m_Name: 
  m_EditorClassIdentifier: 
  _comment: Add this prefab as a child of the Leap Rig to use Attachment Hands.
  _isEditing: 0
--- !u!114 &114741491814441910
MonoBehaviour:
  m_ObjectHideFlags: 1
  m_CorrespondingSourceObject: {fileID: 0}
  m_PrefabInternal: {fileID: 100100000}
  m_GameObject: {fileID: 1272525248687562}
  m_Enabled: 1
  m_EditorHideFlags: 0
  m_Script: {fileID: 11500000, guid: d12011a4b27c58f4f8969e87c61ab8d3, type: 3}
  m_Name: 
  m_EditorClassIdentifier: 
  attachmentHand: {fileID: 114358792001172674}
  attachmentPoint: 128
--- !u!114 &114753425831559314
MonoBehaviour:
  m_ObjectHideFlags: 1
  m_CorrespondingSourceObject: {fileID: 0}
  m_PrefabInternal: {fileID: 100100000}
  m_GameObject: {fileID: 1771601588052352}
  m_Enabled: 1
  m_EditorHideFlags: 0
  m_Script: {fileID: 11500000, guid: d12011a4b27c58f4f8969e87c61ab8d3, type: 3}
  m_Name: 
  m_EditorClassIdentifier: 
  attachmentHand: {fileID: 114358792001172674}
  attachmentPoint: 131072
--- !u!114 &114773951620373082
MonoBehaviour:
  m_ObjectHideFlags: 1
  m_CorrespondingSourceObject: {fileID: 0}
  m_PrefabInternal: {fileID: 100100000}
  m_GameObject: {fileID: 1475050302196382}
  m_Enabled: 1
  m_EditorHideFlags: 0
  m_Script: {fileID: 11500000, guid: d12011a4b27c58f4f8969e87c61ab8d3, type: 3}
  m_Name: 
  m_EditorClassIdentifier: 
  attachmentHand: {fileID: 114358792001172674}
  attachmentPoint: 262144
--- !u!114 &114799685616040776
MonoBehaviour:
  m_ObjectHideFlags: 1
  m_CorrespondingSourceObject: {fileID: 0}
  m_PrefabInternal: {fileID: 100100000}
  m_GameObject: {fileID: 1960081205921554}
  m_Enabled: 1
  m_EditorHideFlags: 0
  m_Script: {fileID: 11500000, guid: d12011a4b27c58f4f8969e87c61ab8d3, type: 3}
  m_Name: 
  m_EditorClassIdentifier: 
  attachmentHand: {fileID: 114358792001172674}
  attachmentPoint: 524288
--- !u!114 &114838991118385872
MonoBehaviour:
  m_ObjectHideFlags: 1
  m_CorrespondingSourceObject: {fileID: 0}
  m_PrefabInternal: {fileID: 100100000}
  m_GameObject: {fileID: 1617729630332874}
  m_Enabled: 1
  m_EditorHideFlags: 0
  m_Script: {fileID: 11500000, guid: 7f743acdc0955f349b54c7a240435271, type: 3}
  m_Name: 
  m_EditorClassIdentifier: 
  wrist: {fileID: 114932295359344802}
  palm: {fileID: 114521560878796356}
  thumbProximalJoint: {fileID: 114073550503908204}
  thumbDistalJoint: {fileID: 114157523975710146}
  thumbTip: {fileID: 114224099263862670}
  indexKnuckle: {fileID: 114524326028518786}
  indexMiddleJoint: {fileID: 114976550308714802}
  indexDistalJoint: {fileID: 114851630522241720}
  indexTip: {fileID: 114985125175328056}
  middleKnuckle: {fileID: 114854225173402922}
  middleMiddleJoint: {fileID: 114321500510886724}
  middleDistalJoint: {fileID: 114083172365936746}
  middleTip: {fileID: 114569149388873866}
  ringKnuckle: {fileID: 114656863097063562}
  ringMiddleJoint: {fileID: 114342489249088564}
  ringDistalJoint: {fileID: 114500752109442218}
  ringTip: {fileID: 114088075998311462}
  pinkyKnuckle: {fileID: 114481168805264082}
  pinkyMiddleJoint: {fileID: 114642144964322026}
  pinkyDistalJoint: {fileID: 114456161529112376}
  pinkyTip: {fileID: 114568373493193222}
  _chirality: 0
  _isTracked: 1
--- !u!114 &114845208811111428
MonoBehaviour:
  m_ObjectHideFlags: 1
  m_CorrespondingSourceObject: {fileID: 0}
  m_PrefabInternal: {fileID: 100100000}
  m_GameObject: {fileID: 1383054945173528}
  m_Enabled: 1
  m_EditorHideFlags: 0
  m_Script: {fileID: 11500000, guid: d12011a4b27c58f4f8969e87c61ab8d3, type: 3}
  m_Name: 
  m_EditorClassIdentifier: 
  attachmentHand: {fileID: 0}
  attachmentPoint: 2
--- !u!114 &114851630522241720
MonoBehaviour:
  m_ObjectHideFlags: 1
  m_CorrespondingSourceObject: {fileID: 0}
  m_PrefabInternal: {fileID: 100100000}
  m_GameObject: {fileID: 1539428499448340}
  m_Enabled: 1
  m_EditorHideFlags: 0
  m_Script: {fileID: 11500000, guid: d12011a4b27c58f4f8969e87c61ab8d3, type: 3}
  m_Name: 
  m_EditorClassIdentifier: 
  attachmentHand: {fileID: 114838991118385872}
  attachmentPoint: 256
--- !u!114 &114854225173402922
MonoBehaviour:
  m_ObjectHideFlags: 1
  m_CorrespondingSourceObject: {fileID: 0}
  m_PrefabInternal: {fileID: 100100000}
  m_GameObject: {fileID: 1883704007708662}
  m_Enabled: 1
  m_EditorHideFlags: 0
  m_Script: {fileID: 11500000, guid: d12011a4b27c58f4f8969e87c61ab8d3, type: 3}
  m_Name: 
  m_EditorClassIdentifier: 
  attachmentHand: {fileID: 114838991118385872}
  attachmentPoint: 1024
--- !u!114 &114865975203965640
MonoBehaviour:
  m_ObjectHideFlags: 1
  m_CorrespondingSourceObject: {fileID: 0}
  m_PrefabInternal: {fileID: 100100000}
  m_GameObject: {fileID: 1834889447329866}
  m_Enabled: 1
  m_EditorHideFlags: 0
  m_Script: {fileID: 11500000, guid: d12011a4b27c58f4f8969e87c61ab8d3, type: 3}
  m_Name: 
  m_EditorClassIdentifier: 
  attachmentHand: {fileID: 114358792001172674}
  attachmentPoint: 32
--- !u!114 &114932295359344802
MonoBehaviour:
  m_ObjectHideFlags: 1
  m_CorrespondingSourceObject: {fileID: 0}
  m_PrefabInternal: {fileID: 100100000}
  m_GameObject: {fileID: 1904008292563800}
  m_Enabled: 1
  m_EditorHideFlags: 0
  m_Script: {fileID: 11500000, guid: d12011a4b27c58f4f8969e87c61ab8d3, type: 3}
  m_Name: 
  m_EditorClassIdentifier: 
  attachmentHand: {fileID: 0}
  attachmentPoint: 2
--- !u!114 &114938165432325318
MonoBehaviour:
  m_ObjectHideFlags: 1
  m_CorrespondingSourceObject: {fileID: 0}
  m_PrefabInternal: {fileID: 100100000}
  m_GameObject: {fileID: 1229268237439656}
  m_Enabled: 1
  m_EditorHideFlags: 0
  m_Script: {fileID: 11500000, guid: d12011a4b27c58f4f8969e87c61ab8d3, type: 3}
  m_Name: 
  m_EditorClassIdentifier: 
  attachmentHand: {fileID: 114358792001172674}
  attachmentPoint: 1048576
--- !u!114 &114976550308714802
MonoBehaviour:
  m_ObjectHideFlags: 1
  m_CorrespondingSourceObject: {fileID: 0}
  m_PrefabInternal: {fileID: 100100000}
  m_GameObject: {fileID: 1910626765761478}
  m_Enabled: 1
  m_EditorHideFlags: 0
  m_Script: {fileID: 11500000, guid: d12011a4b27c58f4f8969e87c61ab8d3, type: 3}
  m_Name: 
  m_EditorClassIdentifier: 
  attachmentHand: {fileID: 114838991118385872}
  attachmentPoint: 128
--- !u!114 &114985125175328056
MonoBehaviour:
  m_ObjectHideFlags: 1
  m_CorrespondingSourceObject: {fileID: 0}
  m_PrefabInternal: {fileID: 100100000}
  m_GameObject: {fileID: 1862454767097258}
  m_Enabled: 1
  m_EditorHideFlags: 0
  m_Script: {fileID: 11500000, guid: d12011a4b27c58f4f8969e87c61ab8d3, type: 3}
  m_Name: 
  m_EditorClassIdentifier: 
  attachmentHand: {fileID: 114838991118385872}
  attachmentPoint: 512
