%YAML 1.1
%TAG !u! tag:unity3d.com,2011:
--- !u!1001 &100100000
Prefab:
  m_ObjectHideFlags: 1
  serializedVersion: 2
  m_Modification:
    m_TransformParent: {fileID: 0}
    m_Modifications: []
    m_RemovedComponents: []
  m_SourcePrefab: {fileID: 0}
  m_RootGameObject: {fileID: 1304080893620004}
  m_IsPrefabAsset: 1
--- !u!1 &1093208436483918
GameObject:
  m_ObjectHideFlags: 0
  m_CorrespondingSourceObject: {fileID: 0}
  m_PrefabInternal: {fileID: 100100000}
  serializedVersion: 6
  m_Component:
  - component: {fileID: 4838698166244636}
  - component: {fileID: 114826202944441140}
  - component: {fileID: 114509842101238846}
  m_Layer: 0
  m_Name: RigidRoundHand_L
  m_TagString: Hand
  m_Icon: {fileID: 0}
  m_NavMeshLayer: 0
  m_StaticEditorFlags: 0
  m_IsActive: 1
--- !u!1 &1141387714630468
GameObject:
  m_ObjectHideFlags: 1
  m_CorrespondingSourceObject: {fileID: 0}
  m_PrefabInternal: {fileID: 100100000}
  serializedVersion: 6
  m_Component:
  - component: {fileID: 4413879802137192}
  - component: {fileID: 54739111962512682}
  - component: {fileID: 136174435474690688}
  m_Layer: 0
  m_Name: bone3
  m_TagString: Untagged
  m_Icon: {fileID: 0}
  m_NavMeshLayer: 0
  m_StaticEditorFlags: 0
  m_IsActive: 1
--- !u!1 &1151835424310472
GameObject:
  m_ObjectHideFlags: 1
  m_CorrespondingSourceObject: {fileID: 0}
  m_PrefabInternal: {fileID: 100100000}
  serializedVersion: 6
  m_Component:
  - component: {fileID: 4736599378663988}
  - component: {fileID: 54129788515926418}
  - component: {fileID: 136747435224735918}
  m_Layer: 0
  m_Name: bone3
  m_TagString: Untagged
  m_Icon: {fileID: 0}
  m_NavMeshLayer: 0
  m_StaticEditorFlags: 0
  m_IsActive: 1
--- !u!1 &1162488422704716
GameObject:
  m_ObjectHideFlags: 1
  m_CorrespondingSourceObject: {fileID: 0}
  m_PrefabInternal: {fileID: 100100000}
  serializedVersion: 6
  m_Component:
  - component: {fileID: 4971054218666012}
  - component: {fileID: 54768457482781866}
  - component: {fileID: 136781556533452060}
  m_Layer: 0
  m_Name: bone2
  m_TagString: Untagged
  m_Icon: {fileID: 0}
  m_NavMeshLayer: 0
  m_StaticEditorFlags: 0
  m_IsActive: 1
--- !u!1 &1177487082467258
GameObject:
  m_ObjectHideFlags: 1
  m_CorrespondingSourceObject: {fileID: 0}
  m_PrefabInternal: {fileID: 100100000}
  serializedVersion: 6
  m_Component:
  - component: {fileID: 4816694305401376}
  - component: {fileID: 114960489012342620}
  m_Layer: 0
  m_Name: thumb
  m_TagString: Finger
  m_Icon: {fileID: 0}
  m_NavMeshLayer: 0
  m_StaticEditorFlags: 0
  m_IsActive: 1
--- !u!1 &1182031891101698
GameObject:
  m_ObjectHideFlags: 1
  m_CorrespondingSourceObject: {fileID: 0}
  m_PrefabInternal: {fileID: 100100000}
  serializedVersion: 6
  m_Component:
  - component: {fileID: 4453800904430880}
  - component: {fileID: 54273630021556330}
  - component: {fileID: 136236473036780578}
  m_Layer: 0
  m_Name: bone2
  m_TagString: Untagged
  m_Icon: {fileID: 0}
  m_NavMeshLayer: 0
  m_StaticEditorFlags: 0
  m_IsActive: 1
--- !u!1 &1193810440915982
GameObject:
  m_ObjectHideFlags: 1
  m_CorrespondingSourceObject: {fileID: 0}
  m_PrefabInternal: {fileID: 100100000}
  serializedVersion: 6
  m_Component:
  - component: {fileID: 4764654376191752}
  - component: {fileID: 114790258287950580}
  m_Layer: 0
  m_Name: index
  m_TagString: Finger
  m_Icon: {fileID: 0}
  m_NavMeshLayer: 0
  m_StaticEditorFlags: 0
  m_IsActive: 1
--- !u!1 &1203446660269680
GameObject:
  m_ObjectHideFlags: 1
  m_CorrespondingSourceObject: {fileID: 0}
  m_PrefabInternal: {fileID: 100100000}
  serializedVersion: 6
  m_Component:
  - component: {fileID: 4389719845061566}
  - component: {fileID: 114302474168338212}
  m_Layer: 0
  m_Name: pinky
  m_TagString: Finger
  m_Icon: {fileID: 0}
  m_NavMeshLayer: 0
  m_StaticEditorFlags: 0
  m_IsActive: 1
--- !u!1 &1218036033892892
GameObject:
  m_ObjectHideFlags: 0
  m_CorrespondingSourceObject: {fileID: 0}
  m_PrefabInternal: {fileID: 100100000}
  serializedVersion: 6
  m_Component:
  - component: {fileID: 4592890811954372}
  - component: {fileID: 114459535096475922}
  - component: {fileID: 114876565124354658}
  m_Layer: 0
  m_Name: Capsule Hand Left
  m_TagString: Hand
  m_Icon: {fileID: 0}
  m_NavMeshLayer: 0
  m_StaticEditorFlags: 0
  m_IsActive: 1
--- !u!1 &1223201289636058
GameObject:
  m_ObjectHideFlags: 1
  m_CorrespondingSourceObject: {fileID: 0}
  m_PrefabInternal: {fileID: 100100000}
  serializedVersion: 6
  m_Component:
  - component: {fileID: 4453630328502302}
  - component: {fileID: 114270862624054200}
  m_Layer: 0
  m_Name: ring
  m_TagString: Finger
  m_Icon: {fileID: 0}
  m_NavMeshLayer: 0
  m_StaticEditorFlags: 0
  m_IsActive: 1
--- !u!1 &1223892903517044
GameObject:
  m_ObjectHideFlags: 1
  m_CorrespondingSourceObject: {fileID: 0}
  m_PrefabInternal: {fileID: 100100000}
  serializedVersion: 6
  m_Component:
  - component: {fileID: 4307261236501302}
  - component: {fileID: 54361497082866396}
  - component: {fileID: 136932887243974110}
  m_Layer: 0
  m_Name: bone3
  m_TagString: Untagged
  m_Icon: {fileID: 0}
  m_NavMeshLayer: 0
  m_StaticEditorFlags: 0
  m_IsActive: 1
--- !u!1 &1243678968260842
GameObject:
  m_ObjectHideFlags: 1
  m_CorrespondingSourceObject: {fileID: 0}
  m_PrefabInternal: {fileID: 100100000}
  serializedVersion: 6
  m_Component:
  - component: {fileID: 4816193433154194}
  - component: {fileID: 54818910051879522}
  - component: {fileID: 136389987146559304}
  m_Layer: 0
  m_Name: bone3
  m_TagString: Untagged
  m_Icon: {fileID: 0}
  m_NavMeshLayer: 0
  m_StaticEditorFlags: 0
  m_IsActive: 1
--- !u!1 &1286835092654776
GameObject:
  m_ObjectHideFlags: 1
  m_CorrespondingSourceObject: {fileID: 0}
  m_PrefabInternal: {fileID: 100100000}
  serializedVersion: 6
  m_Component:
  - component: {fileID: 4227567362070592}
  - component: {fileID: 54843249939298346}
  - component: {fileID: 136500292780390986}
  m_Layer: 0
  m_Name: bone3
  m_TagString: Untagged
  m_Icon: {fileID: 0}
  m_NavMeshLayer: 0
  m_StaticEditorFlags: 0
  m_IsActive: 1
--- !u!1 &1288230749790384
GameObject:
  m_ObjectHideFlags: 1
  m_CorrespondingSourceObject: {fileID: 0}
  m_PrefabInternal: {fileID: 100100000}
  serializedVersion: 6
  m_Component:
  - component: {fileID: 4281311020604642}
  - component: {fileID: 54318532599606438}
  - component: {fileID: 136316374820848406}
  m_Layer: 0
  m_Name: bone1
  m_TagString: Untagged
  m_Icon: {fileID: 0}
  m_NavMeshLayer: 0
  m_StaticEditorFlags: 0
  m_IsActive: 1
--- !u!1 &1304080893620004
GameObject:
  m_ObjectHideFlags: 0
  m_CorrespondingSourceObject: {fileID: 0}
  m_PrefabInternal: {fileID: 100100000}
  serializedVersion: 6
  m_Component:
  - component: {fileID: 4500723086365302}
  - component: {fileID: 114401907932161950}
  - component: {fileID: 54649414482561756}
  - component: {fileID: 64770280560837574}
  m_Layer: 0
  m_Name: HandModels
  m_TagString: Hands
  m_Icon: {fileID: 0}
  m_NavMeshLayer: 0
  m_StaticEditorFlags: 0
  m_IsActive: 1
--- !u!1 &1324630695325724
GameObject:
  m_ObjectHideFlags: 1
  m_CorrespondingSourceObject: {fileID: 0}
  m_PrefabInternal: {fileID: 100100000}
  serializedVersion: 6
  m_Component:
  - component: {fileID: 4096295154615378}
  - component: {fileID: 54688478438196884}
  - component: {fileID: 136392506145787250}
  m_Layer: 0
  m_Name: bone1
  m_TagString: Untagged
  m_Icon: {fileID: 0}
  m_NavMeshLayer: 0
  m_StaticEditorFlags: 0
  m_IsActive: 1
--- !u!1 &1326963862781002
GameObject:
  m_ObjectHideFlags: 1
  m_CorrespondingSourceObject: {fileID: 0}
  m_PrefabInternal: {fileID: 100100000}
  serializedVersion: 6
  m_Component:
  - component: {fileID: 4896240761107658}
  - component: {fileID: 54945945638586664}
  - component: {fileID: 136360220920717108}
  m_Layer: 0
  m_Name: bone2
  m_TagString: Untagged
  m_Icon: {fileID: 0}
  m_NavMeshLayer: 0
  m_StaticEditorFlags: 0
  m_IsActive: 1
--- !u!1 &1338335688909282
GameObject:
  m_ObjectHideFlags: 1
  m_CorrespondingSourceObject: {fileID: 0}
  m_PrefabInternal: {fileID: 100100000}
  serializedVersion: 6
  m_Component:
  - component: {fileID: 4488607548732670}
  - component: {fileID: 54976462488330010}
  - component: {fileID: 136676071178433132}
  m_Layer: 0
  m_Name: bone1
  m_TagString: Untagged
  m_Icon: {fileID: 0}
  m_NavMeshLayer: 0
  m_StaticEditorFlags: 0
  m_IsActive: 1
--- !u!1 &1361770490227028
GameObject:
  m_ObjectHideFlags: 1
  m_CorrespondingSourceObject: {fileID: 0}
  m_PrefabInternal: {fileID: 100100000}
  serializedVersion: 6
  m_Component:
  - component: {fileID: 4892696239580046}
  - component: {fileID: 54896423219883374}
  - component: {fileID: 136713310204625960}
  m_Layer: 0
  m_Name: bone2
  m_TagString: Untagged
  m_Icon: {fileID: 0}
  m_NavMeshLayer: 0
  m_StaticEditorFlags: 0
  m_IsActive: 1
--- !u!1 &1380334041635820
GameObject:
  m_ObjectHideFlags: 1
  m_CorrespondingSourceObject: {fileID: 0}
  m_PrefabInternal: {fileID: 100100000}
  serializedVersion: 6
  m_Component:
  - component: {fileID: 4706480305046642}
  - component: {fileID: 54222950671640572}
  - component: {fileID: 136200550005948064}
  m_Layer: 0
  m_Name: bone1
  m_TagString: Untagged
  m_Icon: {fileID: 0}
  m_NavMeshLayer: 0
  m_StaticEditorFlags: 0
  m_IsActive: 1
--- !u!1 &1405721767413008
GameObject:
  m_ObjectHideFlags: 1
  m_CorrespondingSourceObject: {fileID: 0}
  m_PrefabInternal: {fileID: 100100000}
  serializedVersion: 6
  m_Component:
  - component: {fileID: 4832624190079060}
  - component: {fileID: 114716597519937690}
  m_Layer: 0
  m_Name: index
  m_TagString: Finger
  m_Icon: {fileID: 0}
  m_NavMeshLayer: 0
  m_StaticEditorFlags: 0
  m_IsActive: 1
--- !u!1 &1423786072769218
GameObject:
  m_ObjectHideFlags: 1
  m_CorrespondingSourceObject: {fileID: 0}
  m_PrefabInternal: {fileID: 100100000}
  serializedVersion: 6
  m_Component:
  - component: {fileID: 4889226791978412}
  - component: {fileID: 54835187629128218}
  - component: {fileID: 136329546826697086}
  m_Layer: 0
  m_Name: bone1
  m_TagString: Untagged
  m_Icon: {fileID: 0}
  m_NavMeshLayer: 0
  m_StaticEditorFlags: 0
  m_IsActive: 1
--- !u!1 &1430035808166206
GameObject:
  m_ObjectHideFlags: 1
  m_CorrespondingSourceObject: {fileID: 0}
  m_PrefabInternal: {fileID: 100100000}
  serializedVersion: 6
  m_Component:
  - component: {fileID: 4407474188643972}
  - component: {fileID: 54063646457986746}
  - component: {fileID: 136419320553716630}
  m_Layer: 0
  m_Name: bone2
  m_TagString: Untagged
  m_Icon: {fileID: 0}
  m_NavMeshLayer: 0
  m_StaticEditorFlags: 0
  m_IsActive: 1
--- !u!1 &1430578951749914
GameObject:
  m_ObjectHideFlags: 1
  m_CorrespondingSourceObject: {fileID: 0}
  m_PrefabInternal: {fileID: 100100000}
  serializedVersion: 6
  m_Component:
  - component: {fileID: 4217315849204482}
  - component: {fileID: 54650101746265812}
  - component: {fileID: 136286044120669386}
  m_Layer: 0
  m_Name: bone1
  m_TagString: Untagged
  m_Icon: {fileID: 0}
  m_NavMeshLayer: 0
  m_StaticEditorFlags: 0
  m_IsActive: 1
--- !u!1 &1438460472136672
GameObject:
  m_ObjectHideFlags: 1
  m_CorrespondingSourceObject: {fileID: 0}
  m_PrefabInternal: {fileID: 100100000}
  serializedVersion: 6
  m_Component:
  - component: {fileID: 4506962331740380}
  - component: {fileID: 54289529715125600}
  - component: {fileID: 136686221020226782}
  m_Layer: 0
  m_Name: bone3
  m_TagString: Untagged
  m_Icon: {fileID: 0}
  m_NavMeshLayer: 0
  m_StaticEditorFlags: 0
  m_IsActive: 1
--- !u!1 &1501439524134794
GameObject:
  m_ObjectHideFlags: 0
  m_CorrespondingSourceObject: {fileID: 0}
  m_PrefabInternal: {fileID: 100100000}
  serializedVersion: 6
  m_Component:
  - component: {fileID: 4054642473566808}
  - component: {fileID: 114997900069255830}
  - component: {fileID: 114946001861710444}
  m_Layer: 0
  m_Name: RigidRoundHand_R
  m_TagString: Hand
  m_Icon: {fileID: 0}
  m_NavMeshLayer: 0
  m_StaticEditorFlags: 0
  m_IsActive: 1
--- !u!1 &1532798291711018
GameObject:
  m_ObjectHideFlags: 1
  m_CorrespondingSourceObject: {fileID: 0}
  m_PrefabInternal: {fileID: 100100000}
  serializedVersion: 6
  m_Component:
  - component: {fileID: 4511292122590744}
  - component: {fileID: 54123957927972036}
  - component: {fileID: 136824065044480866}
  m_Layer: 0
  m_Name: bone3
  m_TagString: Untagged
  m_Icon: {fileID: 0}
  m_NavMeshLayer: 0
  m_StaticEditorFlags: 0
  m_IsActive: 1
--- !u!1 &1554077249191624
GameObject:
  m_ObjectHideFlags: 1
  m_CorrespondingSourceObject: {fileID: 0}
  m_PrefabInternal: {fileID: 100100000}
  serializedVersion: 6
  m_Component:
  - component: {fileID: 4805316425642122}
  - component: {fileID: 54330431101691986}
  - component: {fileID: 136188443109869918}
  m_Layer: 0
  m_Name: bone3
  m_TagString: Untagged
  m_Icon: {fileID: 0}
  m_NavMeshLayer: 0
  m_StaticEditorFlags: 0
  m_IsActive: 1
--- !u!1 &1573131756200558
GameObject:
  m_ObjectHideFlags: 1
  m_CorrespondingSourceObject: {fileID: 0}
  m_PrefabInternal: {fileID: 100100000}
  serializedVersion: 6
  m_Component:
  - component: {fileID: 4444794795096542}
  - component: {fileID: 65495913123892292}
  - component: {fileID: 54855614811919394}
  m_Layer: 0
  m_Name: palm
  m_TagString: Untagged
  m_Icon: {fileID: 0}
  m_NavMeshLayer: 0
  m_StaticEditorFlags: 0
  m_IsActive: 1
--- !u!1 &1576546768652980
GameObject:
  m_ObjectHideFlags: 0
  m_CorrespondingSourceObject: {fileID: 0}
  m_PrefabInternal: {fileID: 100100000}
  serializedVersion: 6
  m_Component:
  - component: {fileID: 4881660135624612}
  - component: {fileID: 114128441924191168}
  - component: {fileID: 114618719122599630}
  m_Layer: 0
  m_Name: Capsule Hand Right
  m_TagString: Hand
  m_Icon: {fileID: 0}
  m_NavMeshLayer: 0
  m_StaticEditorFlags: 0
  m_IsActive: 1
--- !u!1 &1579104104646122
GameObject:
  m_ObjectHideFlags: 1
  m_CorrespondingSourceObject: {fileID: 0}
  m_PrefabInternal: {fileID: 100100000}
  serializedVersion: 6
  m_Component:
  - component: {fileID: 4099631017103578}
  - component: {fileID: 114704185958363072}
  m_Layer: 0
  m_Name: ring
  m_TagString: Finger
  m_Icon: {fileID: 0}
  m_NavMeshLayer: 0
  m_StaticEditorFlags: 0
  m_IsActive: 1
--- !u!1 &1593233950930996
GameObject:
  m_ObjectHideFlags: 1
  m_CorrespondingSourceObject: {fileID: 0}
  m_PrefabInternal: {fileID: 100100000}
  serializedVersion: 6
  m_Component:
  - component: {fileID: 4163368941689632}
  - component: {fileID: 54036499509838626}
  - component: {fileID: 136838297924446048}
  m_Layer: 0
  m_Name: bone2
  m_TagString: Untagged
  m_Icon: {fileID: 0}
  m_NavMeshLayer: 0
  m_StaticEditorFlags: 0
  m_IsActive: 1
--- !u!1 &1623281921581296
GameObject:
  m_ObjectHideFlags: 1
  m_CorrespondingSourceObject: {fileID: 0}
  m_PrefabInternal: {fileID: 100100000}
  serializedVersion: 6
  m_Component:
  - component: {fileID: 4927707569119192}
  - component: {fileID: 54265974097585276}
  - component: {fileID: 136054659779533788}
  m_Layer: 0
  m_Name: bone2
  m_TagString: Untagged
  m_Icon: {fileID: 0}
  m_NavMeshLayer: 0
  m_StaticEditorFlags: 0
  m_IsActive: 1
--- !u!1 &1651614155469490
GameObject:
  m_ObjectHideFlags: 1
  m_CorrespondingSourceObject: {fileID: 0}
  m_PrefabInternal: {fileID: 100100000}
  serializedVersion: 6
  m_Component:
  - component: {fileID: 4899999542709638}
  - component: {fileID: 54575153753645942}
  - component: {fileID: 136725643425090302}
  m_Layer: 0
  m_Name: bone2
  m_TagString: Untagged
  m_Icon: {fileID: 0}
  m_NavMeshLayer: 0
  m_StaticEditorFlags: 0
  m_IsActive: 1
--- !u!1 &1710198044173416
GameObject:
  m_ObjectHideFlags: 1
  m_CorrespondingSourceObject: {fileID: 0}
  m_PrefabInternal: {fileID: 100100000}
  serializedVersion: 6
  m_Component:
  - component: {fileID: 4499154734133216}
  - component: {fileID: 54766437694343148}
  - component: {fileID: 136474150465826518}
  m_Layer: 0
  m_Name: bone2
  m_TagString: Untagged
  m_Icon: {fileID: 0}
  m_NavMeshLayer: 0
  m_StaticEditorFlags: 0
  m_IsActive: 1
--- !u!1 &1716631840896364
GameObject:
  m_ObjectHideFlags: 1
  m_CorrespondingSourceObject: {fileID: 0}
  m_PrefabInternal: {fileID: 100100000}
  serializedVersion: 6
  m_Component:
  - component: {fileID: 4904661342689700}
  - component: {fileID: 54522928896509516}
  - component: {fileID: 136533182539205610}
  m_Layer: 0
  m_Name: bone1
  m_TagString: Untagged
  m_Icon: {fileID: 0}
  m_NavMeshLayer: 0
  m_StaticEditorFlags: 0
  m_IsActive: 1
--- !u!1 &1723346345618374
GameObject:
  m_ObjectHideFlags: 1
  m_CorrespondingSourceObject: {fileID: 0}
  m_PrefabInternal: {fileID: 100100000}
  serializedVersion: 6
  m_Component:
  - component: {fileID: 4464425990754842}
  - component: {fileID: 54375872849261580}
  - component: {fileID: 136621591376813208}
  m_Layer: 0
  m_Name: bone3
  m_TagString: Untagged
  m_Icon: {fileID: 0}
  m_NavMeshLayer: 0
  m_StaticEditorFlags: 0
  m_IsActive: 1
--- !u!1 &1728128506720692
GameObject:
  m_ObjectHideFlags: 1
  m_CorrespondingSourceObject: {fileID: 0}
  m_PrefabInternal: {fileID: 100100000}
  serializedVersion: 6
  m_Component:
  - component: {fileID: 4625938739957296}
  - component: {fileID: 54900912601791854}
  - component: {fileID: 136804147460737042}
  m_Layer: 0
  m_Name: forearm
  m_TagString: Untagged
  m_Icon: {fileID: 0}
  m_NavMeshLayer: 0
  m_StaticEditorFlags: 0
  m_IsActive: 1
--- !u!1 &1732804346203778
GameObject:
  m_ObjectHideFlags: 1
  m_CorrespondingSourceObject: {fileID: 0}
  m_PrefabInternal: {fileID: 100100000}
  serializedVersion: 6
  m_Component:
  - component: {fileID: 4785983918695956}
  - component: {fileID: 114856541953219976}
  m_Layer: 0
  m_Name: pinky
  m_TagString: Finger
  m_Icon: {fileID: 0}
  m_NavMeshLayer: 0
  m_StaticEditorFlags: 0
  m_IsActive: 1
--- !u!1 &1744846187635302
GameObject:
  m_ObjectHideFlags: 1
  m_CorrespondingSourceObject: {fileID: 0}
  m_PrefabInternal: {fileID: 100100000}
  serializedVersion: 6
  m_Component:
  - component: {fileID: 4844323784050068}
  - component: {fileID: 54645118820683796}
  - component: {fileID: 136773950504915206}
  m_Layer: 0
  m_Name: bone2
  m_TagString: Untagged
  m_Icon: {fileID: 0}
  m_NavMeshLayer: 0
  m_StaticEditorFlags: 0
  m_IsActive: 1
--- !u!1 &1749056350052508
GameObject:
  m_ObjectHideFlags: 1
  m_CorrespondingSourceObject: {fileID: 0}
  m_PrefabInternal: {fileID: 100100000}
  serializedVersion: 6
  m_Component:
  - component: {fileID: 4171174069677052}
  - component: {fileID: 65526079251897936}
  - component: {fileID: 54270949500051230}
  m_Layer: 0
  m_Name: palm
  m_TagString: Untagged
  m_Icon: {fileID: 0}
  m_NavMeshLayer: 0
  m_StaticEditorFlags: 0
  m_IsActive: 1
--- !u!1 &1760120127635056
GameObject:
  m_ObjectHideFlags: 1
  m_CorrespondingSourceObject: {fileID: 0}
  m_PrefabInternal: {fileID: 100100000}
  serializedVersion: 6
  m_Component:
  - component: {fileID: 4416532364523810}
  - component: {fileID: 54206401108145382}
  - component: {fileID: 136302596305822718}
  m_Layer: 0
  m_Name: bone3
  m_TagString: Untagged
  m_Icon: {fileID: 0}
  m_NavMeshLayer: 0
  m_StaticEditorFlags: 0
  m_IsActive: 1
--- !u!1 &1777384004592172
GameObject:
  m_ObjectHideFlags: 1
  m_CorrespondingSourceObject: {fileID: 0}
  m_PrefabInternal: {fileID: 100100000}
  serializedVersion: 6
  m_Component:
  - component: {fileID: 4755524010548484}
  - component: {fileID: 114623140723445988}
  m_Layer: 0
  m_Name: middle
  m_TagString: Finger
  m_Icon: {fileID: 0}
  m_NavMeshLayer: 0
  m_StaticEditorFlags: 0
  m_IsActive: 1
--- !u!1 &1791395057088132
GameObject:
  m_ObjectHideFlags: 1
  m_CorrespondingSourceObject: {fileID: 0}
  m_PrefabInternal: {fileID: 100100000}
  serializedVersion: 6
  m_Component:
  - component: {fileID: 4825249747886944}
  - component: {fileID: 54383132606948374}
  - component: {fileID: 136161594019191236}
  m_Layer: 0
  m_Name: bone1
  m_TagString: Untagged
  m_Icon: {fileID: 0}
  m_NavMeshLayer: 0
  m_StaticEditorFlags: 0
  m_IsActive: 1
--- !u!1 &1843309015625752
GameObject:
  m_ObjectHideFlags: 1
  m_CorrespondingSourceObject: {fileID: 0}
  m_PrefabInternal: {fileID: 100100000}
  serializedVersion: 6
  m_Component:
  - component: {fileID: 4459521863407530}
  - component: {fileID: 54722684652691610}
  - component: {fileID: 136401945001279876}
  m_Layer: 0
  m_Name: forearm
  m_TagString: Untagged
  m_Icon: {fileID: 0}
  m_NavMeshLayer: 0
  m_StaticEditorFlags: 0
  m_IsActive: 1
--- !u!1 &1912068876741984
GameObject:
  m_ObjectHideFlags: 1
  m_CorrespondingSourceObject: {fileID: 0}
  m_PrefabInternal: {fileID: 100100000}
  serializedVersion: 6
  m_Component:
  - component: {fileID: 4444000845876792}
  - component: {fileID: 54112430131812622}
  - component: {fileID: 136235554157840172}
  m_Layer: 0
  m_Name: bone1
  m_TagString: Untagged
  m_Icon: {fileID: 0}
  m_NavMeshLayer: 0
  m_StaticEditorFlags: 0
  m_IsActive: 1
--- !u!1 &1952734159548262
GameObject:
  m_ObjectHideFlags: 1
  m_CorrespondingSourceObject: {fileID: 0}
  m_PrefabInternal: {fileID: 100100000}
  serializedVersion: 6
  m_Component:
  - component: {fileID: 4201082386751574}
  - component: {fileID: 114984315618548138}
  m_Layer: 0
  m_Name: middle
  m_TagString: Finger
  m_Icon: {fileID: 0}
  m_NavMeshLayer: 0
  m_StaticEditorFlags: 0
  m_IsActive: 1
--- !u!1 &1971073362515504
GameObject:
  m_ObjectHideFlags: 1
  m_CorrespondingSourceObject: {fileID: 0}
  m_PrefabInternal: {fileID: 100100000}
  serializedVersion: 6
  m_Component:
  - component: {fileID: 4819671767094192}
  - component: {fileID: 114568405903145670}
  m_Layer: 0
  m_Name: thumb
  m_TagString: Finger
  m_Icon: {fileID: 0}
  m_NavMeshLayer: 0
  m_StaticEditorFlags: 0
  m_IsActive: 1
--- !u!1 &1986217998118296
GameObject:
  m_ObjectHideFlags: 1
  m_CorrespondingSourceObject: {fileID: 0}
  m_PrefabInternal: {fileID: 100100000}
  serializedVersion: 6
  m_Component:
  - component: {fileID: 4752585995112900}
  - component: {fileID: 54100583851197636}
  - component: {fileID: 136632047694091172}
  m_Layer: 0
  m_Name: bone1
  m_TagString: Untagged
  m_Icon: {fileID: 0}
  m_NavMeshLayer: 0
  m_StaticEditorFlags: 0
  m_IsActive: 1
--- !u!4 &4054642473566808
Transform:
  m_ObjectHideFlags: 1
  m_CorrespondingSourceObject: {fileID: 0}
  m_PrefabInternal: {fileID: 100100000}
  m_GameObject: {fileID: 1501439524134794}
  m_LocalRotation: {x: -0, y: -0, z: -0, w: 1}
  m_LocalPosition: {x: 0, y: -0.3, z: 0.3}
  m_LocalScale: {x: 1, y: 1, z: 1}
  m_Children:
  - {fileID: 4819671767094192}
  - {fileID: 4832624190079060}
  - {fileID: 4201082386751574}
  - {fileID: 4389719845061566}
  - {fileID: 4099631017103578}
  - {fileID: 4171174069677052}
  - {fileID: 4625938739957296}
  m_Father: {fileID: 4500723086365302}
  m_RootOrder: 3
  m_LocalEulerAnglesHint: {x: -90, y: -180, z: 0}
--- !u!4 &4096295154615378
Transform:
  m_ObjectHideFlags: 1
  m_CorrespondingSourceObject: {fileID: 0}
  m_PrefabInternal: {fileID: 100100000}
  m_GameObject: {fileID: 1324630695325724}
  m_LocalRotation: {x: 0.019904926, y: -0.35755515, z: 0.53516835, w: 0.7650836}
  m_LocalPosition: {x: 0.08851051, y: 0.15445179, z: -0.03598672}
  m_LocalScale: {x: 1, y: 1, z: 1}
  m_Children: []
  m_Father: {fileID: 4819671767094192}
  m_RootOrder: 0
  m_LocalEulerAnglesHint: {x: 24.403599, y: -35.2679, z: 62.080498}
--- !u!4 &4099631017103578
Transform:
  m_ObjectHideFlags: 1
  m_CorrespondingSourceObject: {fileID: 0}
  m_PrefabInternal: {fileID: 100100000}
  m_GameObject: {fileID: 1579104104646122}
  m_LocalRotation: {x: 0, y: 0, z: 0, w: 1}
  m_LocalPosition: {x: 0, y: 0, z: 0}
  m_LocalScale: {x: 1, y: 1, z: 1}
  m_Children:
  - {fileID: 4904661342689700}
  - {fileID: 4927707569119192}
  - {fileID: 4464425990754842}
  m_Father: {fileID: 4054642473566808}
  m_RootOrder: 4
  m_LocalEulerAnglesHint: {x: 0, y: 0, z: 0}
--- !u!4 &4163368941689632
Transform:
  m_ObjectHideFlags: 1
  m_CorrespondingSourceObject: {fileID: 0}
  m_PrefabInternal: {fileID: 100100000}
  m_GameObject: {fileID: 1593233950930996}
  m_LocalRotation: {x: 0.06767925, y: -0.06845519, z: 0.10489069, w: 0.9898138}
  m_LocalPosition: {x: -0.14402199, y: 0.16596061, z: 0.07046813}
  m_LocalScale: {x: 1, y: 1, z: 1}
  m_Children: []
  m_Father: {fileID: 4453630328502302}
  m_RootOrder: 1
  m_LocalEulerAnglesHint: {x: 8.5308, y: -7.0464997, z: 11.571899}
--- !u!4 &4171174069677052
Transform:
  m_ObjectHideFlags: 1
  m_CorrespondingSourceObject: {fileID: 0}
  m_PrefabInternal: {fileID: 100100000}
  m_GameObject: {fileID: 1749056350052508}
  m_LocalRotation: {x: 0, y: 0, z: 0, w: 1}
  m_LocalPosition: {x: 0.0834, y: 0.117, z: -0.0134}
  m_LocalScale: {x: 1, y: 1, z: 1}
  m_Children: []
  m_Father: {fileID: 4054642473566808}
  m_RootOrder: 5
  m_LocalEulerAnglesHint: {x: 0, y: 0, z: 0}
--- !u!4 &4201082386751574
Transform:
  m_ObjectHideFlags: 1
  m_CorrespondingSourceObject: {fileID: 0}
  m_PrefabInternal: {fileID: 100100000}
  m_GameObject: {fileID: 1952734159548262}
  m_LocalRotation: {x: 0, y: 0, z: 0, w: 1}
  m_LocalPosition: {x: 0, y: 0, z: 0}
  m_LocalScale: {x: 1, y: 1, z: 1}
  m_Children:
  - {fileID: 4825249747886944}
  - {fileID: 4899999542709638}
  - {fileID: 4736599378663988}
  m_Father: {fileID: 4054642473566808}
  m_RootOrder: 2
  m_LocalEulerAnglesHint: {x: 0, y: 0, z: 0}
--- !u!4 &4217315849204482
Transform:
  m_ObjectHideFlags: 1
  m_CorrespondingSourceObject: {fileID: 0}
  m_PrefabInternal: {fileID: 100100000}
  m_GameObject: {fileID: 1430578951749914}
  m_LocalRotation: {x: 0.07411178, y: 0.08401715, z: -0.0062662335, w: 0.9936847}
  m_LocalPosition: {x: -0.09351611, y: 0.16904944, z: 0.04254073}
  m_LocalScale: {x: 1, y: 1, z: 1}
  m_Children: []
  m_Father: {fileID: 4764654376191752}
  m_RootOrder: 0
  m_LocalEulerAnglesHint: {x: 8.5308, y: 9.6658, z: 0}
--- !u!4 &4227567362070592
Transform:
  m_ObjectHideFlags: 1
  m_CorrespondingSourceObject: {fileID: 0}
  m_PrefabInternal: {fileID: 100100000}
  m_GameObject: {fileID: 1286835092654776}
  m_LocalRotation: {x: 0.019904882, y: 0.35755524, z: -0.5351684, w: 0.7650836}
  m_LocalPosition: {x: -0.054061413, y: 0.12738341, z: 0.012725055}
  m_LocalScale: {x: 1, y: 1, z: 1}
  m_Children: []
  m_Father: {fileID: 4816694305401376}
  m_RootOrder: 2
  m_LocalEulerAnglesHint: {x: 24.403599, y: 35.2679, z: -62.080498}
--- !u!4 &4281311020604642
Transform:
  m_ObjectHideFlags: 1
  m_CorrespondingSourceObject: {fileID: 0}
  m_PrefabInternal: {fileID: 100100000}
  m_GameObject: {fileID: 1288230749790384}
  m_LocalRotation: {x: 0.029145634, y: 0.13843821, z: -0.17725913, w: 0.9739428}
  m_LocalPosition: {x: 0.15958261, y: 0.16826719, z: 0.025443256}
  m_LocalScale: {x: 1, y: 1, z: 1}
  m_Children: []
  m_Father: {fileID: 4389719845061566}
  m_RootOrder: 0
  m_LocalEulerAnglesHint: {x: 6.0762, y: 15.1172, z: -19.823}
--- !u!4 &4307261236501302
Transform:
  m_ObjectHideFlags: 1
  m_CorrespondingSourceObject: {fileID: 0}
  m_PrefabInternal: {fileID: 100100000}
  m_GameObject: {fileID: 1223892903517044}
  m_LocalRotation: {x: 0.074111775, y: -0.08401706, z: 0.006266227, w: 0.9936847}
  m_LocalPosition: {x: 0.0851841, y: 0.16160578, z: 0.09146041}
  m_LocalScale: {x: 1, y: 1, z: 1}
  m_Children: []
  m_Father: {fileID: 4832624190079060}
  m_RootOrder: 2
  m_LocalEulerAnglesHint: {x: 8.5308, y: -9.6659, z: 0}
--- !u!4 &4389719845061566
Transform:
  m_ObjectHideFlags: 1
  m_CorrespondingSourceObject: {fileID: 0}
  m_PrefabInternal: {fileID: 100100000}
  m_GameObject: {fileID: 1203446660269680}
  m_LocalRotation: {x: 0, y: 0, z: 0, w: 1}
  m_LocalPosition: {x: 0, y: 0, z: 0}
  m_LocalScale: {x: 1, y: 1, z: 1}
  m_Children:
  - {fileID: 4281311020604642}
  - {fileID: 4844323784050068}
  - {fileID: 4805316425642122}
  m_Father: {fileID: 4054642473566808}
  m_RootOrder: 3
  m_LocalEulerAnglesHint: {x: 0, y: 0, z: 0}
--- !u!4 &4407474188643972
Transform:
  m_ObjectHideFlags: 1
  m_CorrespondingSourceObject: {fileID: 0}
  m_PrefabInternal: {fileID: 100100000}
  m_GameObject: {fileID: 1430035808166206}
  m_LocalRotation: {x: 0.07411178, y: 0.08401715, z: -0.0062662335, w: 0.9936847}
  m_LocalPosition: {x: -0.08835554, y: 0.16443914, z: 0.07284087}
  m_LocalScale: {x: 1, y: 1, z: 1}
  m_Children: []
  m_Father: {fileID: 4764654376191752}
  m_RootOrder: 1
  m_LocalEulerAnglesHint: {x: 8.5308, y: 9.6658, z: 0}
--- !u!4 &4413879802137192
Transform:
  m_ObjectHideFlags: 1
  m_CorrespondingSourceObject: {fileID: 0}
  m_PrefabInternal: {fileID: 100100000}
  m_GameObject: {fileID: 1141387714630468}
  m_LocalRotation: {x: 0.0752779, y: 0.009242242, z: 0.07399494, w: 0.99437046}
  m_LocalPosition: {x: -0.11485958, y: 0.1621831, z: 0.10199469}
  m_LocalScale: {x: 1, y: 1, z: 1}
  m_Children: []
  m_Father: {fileID: 4755524010548484}
  m_RootOrder: 2
  m_LocalEulerAnglesHint: {x: 8.5308, y: 1.7105999, z: 8.6391}
--- !u!4 &4416532364523810
Transform:
  m_ObjectHideFlags: 1
  m_CorrespondingSourceObject: {fileID: 0}
  m_PrefabInternal: {fileID: 100100000}
  m_GameObject: {fileID: 1760120127635056}
  m_LocalRotation: {x: 0.06767925, y: -0.06845519, z: 0.10489069, w: 0.9898138}
  m_LocalPosition: {x: -0.14662743, y: 0.16277498, z: 0.09154624}
  m_LocalScale: {x: 1, y: 1, z: 1}
  m_Children: []
  m_Father: {fileID: 4453630328502302}
  m_RootOrder: 2
  m_LocalEulerAnglesHint: {x: 8.5308, y: -7.0464997, z: 11.571899}
--- !u!4 &4444000845876792
Transform:
  m_ObjectHideFlags: 1
  m_CorrespondingSourceObject: {fileID: 0}
  m_PrefabInternal: {fileID: 100100000}
  m_GameObject: {fileID: 1912068876741984}
  m_LocalRotation: {x: 0.06767925, y: -0.06845519, z: 0.10489069, w: 0.9898138}
  m_LocalPosition: {x: -0.13995647, y: 0.17093152, z: 0.037579715}
  m_LocalScale: {x: 1, y: 1, z: 1}
  m_Children: []
  m_Father: {fileID: 4453630328502302}
  m_RootOrder: 0
  m_LocalEulerAnglesHint: {x: 8.5308, y: -7.0464997, z: 11.571899}
--- !u!4 &4444794795096542
Transform:
  m_ObjectHideFlags: 1
  m_CorrespondingSourceObject: {fileID: 0}
  m_PrefabInternal: {fileID: 100100000}
  m_GameObject: {fileID: 1573131756200558}
  m_LocalRotation: {x: 0, y: 0, z: 0, w: 1}
  m_LocalPosition: {x: -0.0818, y: 0.1158, z: -0.0115}
  m_LocalScale: {x: 1, y: 1, z: 1}
  m_Children: []
  m_Father: {fileID: 4838698166244636}
  m_RootOrder: 5
  m_LocalEulerAnglesHint: {x: 0, y: 0, z: 0}
--- !u!4 &4453630328502302
Transform:
  m_ObjectHideFlags: 1
  m_CorrespondingSourceObject: {fileID: 0}
  m_PrefabInternal: {fileID: 100100000}
  m_GameObject: {fileID: 1223201289636058}
  m_LocalRotation: {x: 0, y: 0, z: 0, w: 1}
  m_LocalPosition: {x: 0, y: 0, z: 0}
  m_LocalScale: {x: 1, y: 1, z: 1}
  m_Children:
  - {fileID: 4444000845876792}
  - {fileID: 4163368941689632}
  - {fileID: 4416532364523810}
  m_Father: {fileID: 4838698166244636}
  m_RootOrder: 4
  m_LocalEulerAnglesHint: {x: 0, y: 0, z: 0}
--- !u!4 &4453800904430880
Transform:
  m_ObjectHideFlags: 1
  m_CorrespondingSourceObject: {fileID: 0}
  m_PrefabInternal: {fileID: 100100000}
  m_GameObject: {fileID: 1182031891101698}
  m_LocalRotation: {x: 0.074111775, y: -0.08401706, z: 0.006266227, w: 0.9936847}
  m_LocalPosition: {x: 0.088355064, y: 0.16443914, z: 0.07284087}
  m_LocalScale: {x: 1, y: 1, z: 1}
  m_Children: []
  m_Father: {fileID: 4832624190079060}
  m_RootOrder: 1
  m_LocalEulerAnglesHint: {x: 8.5308, y: -9.6659, z: 0}
--- !u!4 &4459521863407530
Transform:
  m_ObjectHideFlags: 1
  m_CorrespondingSourceObject: {fileID: 0}
  m_PrefabInternal: {fileID: 100100000}
  m_GameObject: {fileID: 1843309015625752}
  m_LocalRotation: {x: 0, y: 0, z: 0, w: 1}
  m_LocalPosition: {x: -0.0856, y: 0.105, z: -0.1819}
  m_LocalScale: {x: 1, y: 1, z: 1}
  m_Children: []
  m_Father: {fileID: 4838698166244636}
  m_RootOrder: 6
  m_LocalEulerAnglesHint: {x: 0, y: 0, z: 0}
--- !u!4 &4464425990754842
Transform:
  m_ObjectHideFlags: 1
  m_CorrespondingSourceObject: {fileID: 0}
  m_PrefabInternal: {fileID: 100100000}
  m_GameObject: {fileID: 1723346345618374}
  m_LocalRotation: {x: 0.06767924, y: 0.06845528, z: -0.10489069, w: 0.9898138}
  m_LocalPosition: {x: 0.14662743, y: 0.16277498, z: 0.09154624}
  m_LocalScale: {x: 1, y: 1, z: 1}
  m_Children: []
  m_Father: {fileID: 4099631017103578}
  m_RootOrder: 2
  m_LocalEulerAnglesHint: {x: 8.5308, y: 7.0464997, z: -11.571899}
--- !u!4 &4488607548732670
Transform:
  m_ObjectHideFlags: 1
  m_CorrespondingSourceObject: {fileID: 0}
  m_PrefabInternal: {fileID: 100100000}
  m_GameObject: {fileID: 1338335688909282}
  m_LocalRotation: {x: 0.0752779, y: 0.009242242, z: 0.07399494, w: 0.99437046}
  m_LocalPosition: {x: -0.11655235, y: 0.17068976, z: 0.0453102}
  m_LocalScale: {x: 1, y: 1, z: 1}
  m_Children: []
  m_Father: {fileID: 4755524010548484}
  m_RootOrder: 0
  m_LocalEulerAnglesHint: {x: 8.5308, y: 1.7105999, z: 8.6391}
--- !u!4 &4499154734133216
Transform:
  m_ObjectHideFlags: 1
  m_CorrespondingSourceObject: {fileID: 0}
  m_PrefabInternal: {fileID: 100100000}
  m_GameObject: {fileID: 1710198044173416}
  m_LocalRotation: {x: 0.019904882, y: 0.35755524, z: -0.5351684, w: 0.7650836}
  m_LocalPosition: {x: -0.06805849, y: 0.1383819, z: -0.0070675015}
  m_LocalScale: {x: 1, y: 1, z: 1}
  m_Children: []
  m_Father: {fileID: 4816694305401376}
  m_RootOrder: 1
  m_LocalEulerAnglesHint: {x: 24.403599, y: 35.2679, z: -62.080498}
--- !u!4 &4500723086365302
Transform:
  m_ObjectHideFlags: 1
  m_CorrespondingSourceObject: {fileID: 0}
  m_PrefabInternal: {fileID: 100100000}
  m_GameObject: {fileID: 1304080893620004}
  m_LocalRotation: {x: -0, y: -0, z: -0, w: 1}
  m_LocalPosition: {x: 0, y: 0.30000007, z: -0.29999924}
  m_LocalScale: {x: 1, y: 1, z: 1}
  m_Children:
  - {fileID: 4592890811954372}
  - {fileID: 4881660135624612}
  - {fileID: 4838698166244636}
  - {fileID: 4054642473566808}
  m_Father: {fileID: 0}
  m_RootOrder: 0
  m_LocalEulerAnglesHint: {x: 0, y: 0, z: 0}
--- !u!4 &4506962331740380
Transform:
  m_ObjectHideFlags: 1
  m_CorrespondingSourceObject: {fileID: 0}
  m_PrefabInternal: {fileID: 100100000}
  m_GameObject: {fileID: 1438460472136672}
  m_LocalRotation: {x: 0.07411178, y: 0.08401715, z: -0.0062662335, w: 0.9936847}
  m_LocalPosition: {x: -0.0851841, y: 0.16160578, z: 0.09146041}
  m_LocalScale: {x: 1, y: 1, z: 1}
  m_Children: []
  m_Father: {fileID: 4764654376191752}
  m_RootOrder: 2
  m_LocalEulerAnglesHint: {x: 8.5308, y: 9.6658, z: 0}
--- !u!4 &4511292122590744
Transform:
  m_ObjectHideFlags: 1
  m_CorrespondingSourceObject: {fileID: 0}
  m_PrefabInternal: {fileID: 100100000}
  m_GameObject: {fileID: 1532798291711018}
  m_LocalRotation: {x: 0.029145649, y: -0.13843814, z: 0.17725912, w: 0.9739429}
  m_LocalPosition: {x: -0.17059374, y: 0.16377276, z: 0.066203296}
  m_LocalScale: {x: 1, y: 1, z: 1}
  m_Children: []
  m_Father: {fileID: 4785983918695956}
  m_RootOrder: 2
  m_LocalEulerAnglesHint: {x: 6.0762, y: -15.1172, z: 19.823}
--- !u!4 &4592890811954372
Transform:
  m_ObjectHideFlags: 1
  m_CorrespondingSourceObject: {fileID: 0}
  m_PrefabInternal: {fileID: 100100000}
  m_GameObject: {fileID: 1218036033892892}
  m_LocalRotation: {x: -0, y: -0, z: -0, w: 1}
  m_LocalPosition: {x: 0, y: -0.3, z: 0.3}
  m_LocalScale: {x: 1, y: 1, z: 1}
  m_Children: []
  m_Father: {fileID: 4500723086365302}
  m_RootOrder: 0
  m_LocalEulerAnglesHint: {x: -89.980194, y: 180, z: 0}
--- !u!4 &4625938739957296
Transform:
  m_ObjectHideFlags: 1
  m_CorrespondingSourceObject: {fileID: 0}
  m_PrefabInternal: {fileID: 100100000}
  m_GameObject: {fileID: 1728128506720692}
  m_LocalRotation: {x: 0, y: 0, z: 0, w: 1}
  m_LocalPosition: {x: 0.088, y: 0.1044, z: -0.1811}
  m_LocalScale: {x: 1, y: 1, z: 1}
  m_Children: []
  m_Father: {fileID: 4054642473566808}
  m_RootOrder: 6
  m_LocalEulerAnglesHint: {x: 0, y: 0, z: 0}
--- !u!4 &4706480305046642
Transform:
  m_ObjectHideFlags: 1
  m_CorrespondingSourceObject: {fileID: 0}
  m_PrefabInternal: {fileID: 100100000}
  m_GameObject: {fileID: 1380334041635820}
  m_LocalRotation: {x: 0.074111775, y: -0.08401706, z: 0.006266227, w: 0.9936847}
  m_LocalPosition: {x: 0.09351635, y: 0.16904944, z: 0.04254073}
  m_LocalScale: {x: 1, y: 1, z: 1}
  m_Children: []
  m_Father: {fileID: 4832624190079060}
  m_RootOrder: 0
  m_LocalEulerAnglesHint: {x: 8.5308, y: -9.6659, z: 0}
--- !u!4 &4736599378663988
Transform:
  m_ObjectHideFlags: 1
  m_CorrespondingSourceObject: {fileID: 0}
  m_PrefabInternal: {fileID: 100100000}
  m_GameObject: {fileID: 1151835424310472}
  m_LocalRotation: {x: 0.0752779, y: -0.009242156, z: -0.07399494, w: 0.99437046}
  m_LocalPosition: {x: 0.11485958, y: 0.1621831, z: 0.10199469}
  m_LocalScale: {x: 1, y: 1, z: 1}
  m_Children: []
  m_Father: {fileID: 4201082386751574}
  m_RootOrder: 2
  m_LocalEulerAnglesHint: {x: 8.5308, y: -1.7105999, z: -8.6391}
--- !u!4 &4752585995112900
Transform:
  m_ObjectHideFlags: 1
  m_CorrespondingSourceObject: {fileID: 0}
  m_PrefabInternal: {fileID: 100100000}
  m_GameObject: {fileID: 1986217998118296}
  m_LocalRotation: {x: 0.019904882, y: 0.35755524, z: -0.5351684, w: 0.7650836}
  m_LocalPosition: {x: -0.08851004, y: 0.15445179, z: -0.03598672}
  m_LocalScale: {x: 1, y: 1, z: 1}
  m_Children: []
  m_Father: {fileID: 4816694305401376}
  m_RootOrder: 0
  m_LocalEulerAnglesHint: {x: 24.403599, y: 35.2679, z: -62.080498}
--- !u!4 &4755524010548484
Transform:
  m_ObjectHideFlags: 1
  m_CorrespondingSourceObject: {fileID: 0}
  m_PrefabInternal: {fileID: 100100000}
  m_GameObject: {fileID: 1777384004592172}
  m_LocalRotation: {x: 0, y: 0, z: 0, w: 1}
  m_LocalPosition: {x: 0, y: 0, z: 0}
  m_LocalScale: {x: 1, y: 1, z: 1}
  m_Children:
  - {fileID: 4488607548732670}
  - {fileID: 4896240761107658}
  - {fileID: 4413879802137192}
  m_Father: {fileID: 4838698166244636}
  m_RootOrder: 2
  m_LocalEulerAnglesHint: {x: 0, y: 0, z: 0}
--- !u!4 &4764654376191752
Transform:
  m_ObjectHideFlags: 1
  m_CorrespondingSourceObject: {fileID: 0}
  m_PrefabInternal: {fileID: 100100000}
  m_GameObject: {fileID: 1193810440915982}
  m_LocalRotation: {x: 0, y: 0, z: 0, w: 1}
  m_LocalPosition: {x: 0, y: 0, z: 0}
  m_LocalScale: {x: 1, y: 1, z: 1}
  m_Children:
  - {fileID: 4217315849204482}
  - {fileID: 4407474188643972}
  - {fileID: 4506962331740380}
  m_Father: {fileID: 4838698166244636}
  m_RootOrder: 1
  m_LocalEulerAnglesHint: {x: 0, y: 0, z: 0}
--- !u!4 &4785983918695956
Transform:
  m_ObjectHideFlags: 1
  m_CorrespondingSourceObject: {fileID: 0}
  m_PrefabInternal: {fileID: 100100000}
  m_GameObject: {fileID: 1732804346203778}
  m_LocalRotation: {x: 0, y: 0, z: 0, w: 1}
  m_LocalPosition: {x: 0, y: 0, z: 0}
  m_LocalScale: {x: 1, y: 1, z: 1}
  m_Children:
  - {fileID: 4889226791978412}
  - {fileID: 4892696239580046}
  - {fileID: 4511292122590744}
  m_Father: {fileID: 4838698166244636}
  m_RootOrder: 3
  m_LocalEulerAnglesHint: {x: 0, y: 0, z: 0}
--- !u!4 &4805316425642122
Transform:
  m_ObjectHideFlags: 1
  m_CorrespondingSourceObject: {fileID: 0}
  m_PrefabInternal: {fileID: 100100000}
  m_GameObject: {fileID: 1554077249191624}
  m_LocalRotation: {x: 0.029145634, y: 0.13843821, z: -0.17725913, w: 0.9739428}
  m_LocalPosition: {x: 0.17059374, y: 0.16377276, z: 0.066203296}
  m_LocalScale: {x: 1, y: 1, z: 1}
  m_Children: []
  m_Father: {fileID: 4389719845061566}
  m_RootOrder: 2
  m_LocalEulerAnglesHint: {x: 6.0762, y: 15.1172, z: -19.823}
--- !u!4 &4816193433154194
Transform:
  m_ObjectHideFlags: 1
  m_CorrespondingSourceObject: {fileID: 0}
  m_PrefabInternal: {fileID: 100100000}
  m_GameObject: {fileID: 1243678968260842}
  m_LocalRotation: {x: 0.019904926, y: -0.35755515, z: 0.53516835, w: 0.7650836}
  m_LocalPosition: {x: 0.054061413, y: 0.12738341, z: 0.012725055}
  m_LocalScale: {x: 1, y: 1, z: 1}
  m_Children: []
  m_Father: {fileID: 4819671767094192}
  m_RootOrder: 2
  m_LocalEulerAnglesHint: {x: 24.403599, y: -35.2679, z: 62.080498}
--- !u!4 &4816694305401376
Transform:
  m_ObjectHideFlags: 1
  m_CorrespondingSourceObject: {fileID: 0}
  m_PrefabInternal: {fileID: 100100000}
  m_GameObject: {fileID: 1177487082467258}
  m_LocalRotation: {x: 0, y: 0, z: 0, w: 1}
  m_LocalPosition: {x: 0, y: 0, z: 0}
  m_LocalScale: {x: 1, y: 1, z: 1}
  m_Children:
  - {fileID: 4752585995112900}
  - {fileID: 4499154734133216}
  - {fileID: 4227567362070592}
  m_Father: {fileID: 4838698166244636}
  m_RootOrder: 0
  m_LocalEulerAnglesHint: {x: 0, y: 0, z: 0}
--- !u!4 &4819671767094192
Transform:
  m_ObjectHideFlags: 1
  m_CorrespondingSourceObject: {fileID: 0}
  m_PrefabInternal: {fileID: 100100000}
  m_GameObject: {fileID: 1971073362515504}
  m_LocalRotation: {x: 0, y: 0, z: 0, w: 1}
  m_LocalPosition: {x: 0, y: 0, z: 0}
  m_LocalScale: {x: 1, y: 1, z: 1}
  m_Children:
  - {fileID: 4096295154615378}
  - {fileID: 4971054218666012}
  - {fileID: 4816193433154194}
  m_Father: {fileID: 4054642473566808}
  m_RootOrder: 0
  m_LocalEulerAnglesHint: {x: 0, y: 0, z: 0}
--- !u!4 &4825249747886944
Transform:
  m_ObjectHideFlags: 1
  m_CorrespondingSourceObject: {fileID: 0}
  m_PrefabInternal: {fileID: 100100000}
  m_GameObject: {fileID: 1791395057088132}
  m_LocalRotation: {x: 0.0752779, y: -0.009242156, z: -0.07399494, w: 0.99437046}
  m_LocalPosition: {x: 0.11655235, y: 0.17068976, z: 0.0453102}
  m_LocalScale: {x: 1, y: 1, z: 1}
  m_Children: []
  m_Father: {fileID: 4201082386751574}
  m_RootOrder: 0
  m_LocalEulerAnglesHint: {x: 8.5308, y: -1.7105999, z: -8.6391}
--- !u!4 &4832624190079060
Transform:
  m_ObjectHideFlags: 1
  m_CorrespondingSourceObject: {fileID: 0}
  m_PrefabInternal: {fileID: 100100000}
  m_GameObject: {fileID: 1405721767413008}
  m_LocalRotation: {x: 0, y: 0, z: 0, w: 1}
  m_LocalPosition: {x: 0, y: 0, z: 0}
  m_LocalScale: {x: 1, y: 1, z: 1}
  m_Children:
  - {fileID: 4706480305046642}
  - {fileID: 4453800904430880}
  - {fileID: 4307261236501302}
  m_Father: {fileID: 4054642473566808}
  m_RootOrder: 1
  m_LocalEulerAnglesHint: {x: 0, y: 0, z: 0}
--- !u!4 &4838698166244636
Transform:
  m_ObjectHideFlags: 1
  m_CorrespondingSourceObject: {fileID: 0}
  m_PrefabInternal: {fileID: 100100000}
  m_GameObject: {fileID: 1093208436483918}
  m_LocalRotation: {x: -0, y: -0, z: -0, w: 1}
  m_LocalPosition: {x: 0, y: -0.3, z: 0.3}
  m_LocalScale: {x: 1, y: 1, z: 1}
  m_Children:
  - {fileID: 4816694305401376}
  - {fileID: 4764654376191752}
  - {fileID: 4755524010548484}
  - {fileID: 4785983918695956}
  - {fileID: 4453630328502302}
  - {fileID: 4444794795096542}
  - {fileID: 4459521863407530}
  m_Father: {fileID: 4500723086365302}
  m_RootOrder: 2
  m_LocalEulerAnglesHint: {x: -90, y: -180, z: 0}
--- !u!4 &4844323784050068
Transform:
  m_ObjectHideFlags: 1
  m_CorrespondingSourceObject: {fileID: 0}
  m_PrefabInternal: {fileID: 100100000}
  m_GameObject: {fileID: 1744846187635302}
  m_LocalRotation: {x: 0.029145634, y: 0.13843821, z: -0.17725913, w: 0.9739428}
  m_LocalPosition: {x: 0.16617584, y: 0.16557592, z: 0.04984969}
  m_LocalScale: {x: 1, y: 1, z: 1}
  m_Children: []
  m_Father: {fileID: 4389719845061566}
  m_RootOrder: 1
  m_LocalEulerAnglesHint: {x: 6.0762, y: 15.1172, z: -19.823}
--- !u!4 &4881660135624612
Transform:
  m_ObjectHideFlags: 1
  m_CorrespondingSourceObject: {fileID: 0}
  m_PrefabInternal: {fileID: 100100000}
  m_GameObject: {fileID: 1576546768652980}
  m_LocalRotation: {x: -0, y: -0, z: -0, w: 1}
  m_LocalPosition: {x: 0, y: -0.3, z: 0.3}
  m_LocalScale: {x: 1, y: 1, z: 1}
  m_Children: []
  m_Father: {fileID: 4500723086365302}
  m_RootOrder: 1
  m_LocalEulerAnglesHint: {x: -89.980194, y: 180, z: 0}
--- !u!4 &4889226791978412
Transform:
  m_ObjectHideFlags: 1
  m_CorrespondingSourceObject: {fileID: 0}
  m_PrefabInternal: {fileID: 100100000}
  m_GameObject: {fileID: 1423786072769218}
  m_LocalRotation: {x: 0.029145649, y: -0.13843814, z: 0.17725912, w: 0.9739429}
  m_LocalPosition: {x: -0.15958261, y: 0.16826719, z: 0.025443256}
  m_LocalScale: {x: 1, y: 1, z: 1}
  m_Children: []
  m_Father: {fileID: 4785983918695956}
  m_RootOrder: 0
  m_LocalEulerAnglesHint: {x: 6.0762, y: -15.1172, z: 19.823}
--- !u!4 &4892696239580046
Transform:
  m_ObjectHideFlags: 1
  m_CorrespondingSourceObject: {fileID: 0}
  m_PrefabInternal: {fileID: 100100000}
  m_GameObject: {fileID: 1361770490227028}
  m_LocalRotation: {x: 0.029145649, y: -0.13843814, z: 0.17725912, w: 0.9739429}
  m_LocalPosition: {x: -0.16617608, y: 0.16557592, z: 0.04984969}
  m_LocalScale: {x: 1, y: 1, z: 1}
  m_Children: []
  m_Father: {fileID: 4785983918695956}
  m_RootOrder: 1
  m_LocalEulerAnglesHint: {x: 6.0762, y: -15.1172, z: 19.823}
--- !u!4 &4896240761107658
Transform:
  m_ObjectHideFlags: 1
  m_CorrespondingSourceObject: {fileID: 0}
  m_PrefabInternal: {fileID: 100100000}
  m_GameObject: {fileID: 1326963862781002}
  m_LocalRotation: {x: 0.0752779, y: 0.009242242, z: 0.07399494, w: 0.99437046}
  m_LocalPosition: {x: -0.11550498, y: 0.16542667, z: 0.080382526}
  m_LocalScale: {x: 1, y: 1, z: 1}
  m_Children: []
  m_Father: {fileID: 4755524010548484}
  m_RootOrder: 1
  m_LocalEulerAnglesHint: {x: 8.5308, y: 1.7105999, z: 8.6391}
--- !u!4 &4899999542709638
Transform:
  m_ObjectHideFlags: 1
  m_CorrespondingSourceObject: {fileID: 0}
  m_PrefabInternal: {fileID: 100100000}
  m_GameObject: {fileID: 1651614155469490}
  m_LocalRotation: {x: 0.0752779, y: -0.009242156, z: -0.07399494, w: 0.99437046}
  m_LocalPosition: {x: 0.11550522, y: 0.16542667, z: 0.080382526}
  m_LocalScale: {x: 1, y: 1, z: 1}
  m_Children: []
  m_Father: {fileID: 4201082386751574}
  m_RootOrder: 1
  m_LocalEulerAnglesHint: {x: 8.5308, y: -1.7105999, z: -8.6391}
--- !u!4 &4904661342689700
Transform:
  m_ObjectHideFlags: 1
  m_CorrespondingSourceObject: {fileID: 0}
  m_PrefabInternal: {fileID: 100100000}
  m_GameObject: {fileID: 1716631840896364}
  m_LocalRotation: {x: 0.06767924, y: 0.06845528, z: -0.10489069, w: 0.9898138}
  m_LocalPosition: {x: 0.13995647, y: 0.17093152, z: 0.037579715}
  m_LocalScale: {x: 1, y: 1, z: 1}
  m_Children: []
  m_Father: {fileID: 4099631017103578}
  m_RootOrder: 0
  m_LocalEulerAnglesHint: {x: 8.5308, y: 7.0464997, z: -11.571899}
--- !u!4 &4927707569119192
Transform:
  m_ObjectHideFlags: 1
  m_CorrespondingSourceObject: {fileID: 0}
  m_PrefabInternal: {fileID: 100100000}
  m_GameObject: {fileID: 1623281921581296}
  m_LocalRotation: {x: 0.06767924, y: 0.06845528, z: -0.10489069, w: 0.9898138}
  m_LocalPosition: {x: 0.14402199, y: 0.16596061, z: 0.07046813}
  m_LocalScale: {x: 1, y: 1, z: 1}
  m_Children: []
  m_Father: {fileID: 4099631017103578}
  m_RootOrder: 1
  m_LocalEulerAnglesHint: {x: 8.5308, y: 7.0464997, z: -11.571899}
--- !u!4 &4971054218666012
Transform:
  m_ObjectHideFlags: 1
  m_CorrespondingSourceObject: {fileID: 0}
  m_PrefabInternal: {fileID: 100100000}
  m_GameObject: {fileID: 1162488422704716}
  m_LocalRotation: {x: 0.019904926, y: -0.35755515, z: 0.53516835, w: 0.7650836}
  m_LocalPosition: {x: 0.06805897, y: 0.1383819, z: -0.0070675015}
  m_LocalScale: {x: 1, y: 1, z: 1}
  m_Children: []
  m_Father: {fileID: 4819671767094192}
  m_RootOrder: 1
  m_LocalEulerAnglesHint: {x: 24.403599, y: -35.2679, z: 62.080498}
--- !u!54 &54036499509838626
Rigidbody:
  m_ObjectHideFlags: 1
  m_CorrespondingSourceObject: {fileID: 0}
  m_PrefabInternal: {fileID: 100100000}
  m_GameObject: {fileID: 1593233950930996}
  serializedVersion: 2
  m_Mass: 1e+9
  m_Drag: 0
  m_AngularDrag: 0
  m_UseGravity: 0
  m_IsKinematic: 1
  m_Interpolate: 0
  m_Constraints: 0
  m_CollisionDetection: 1
--- !u!54 &54063646457986746
Rigidbody:
  m_ObjectHideFlags: 1
  m_CorrespondingSourceObject: {fileID: 0}
  m_PrefabInternal: {fileID: 100100000}
  m_GameObject: {fileID: 1430035808166206}
  serializedVersion: 2
  m_Mass: 1e+9
  m_Drag: 0
  m_AngularDrag: 0
  m_UseGravity: 0
  m_IsKinematic: 1
  m_Interpolate: 0
  m_Constraints: 0
  m_CollisionDetection: 1
--- !u!54 &54100583851197636
Rigidbody:
  m_ObjectHideFlags: 1
  m_CorrespondingSourceObject: {fileID: 0}
  m_PrefabInternal: {fileID: 100100000}
  m_GameObject: {fileID: 1986217998118296}
  serializedVersion: 2
  m_Mass: 1e+9
  m_Drag: 0
  m_AngularDrag: 0
  m_UseGravity: 0
  m_IsKinematic: 1
  m_Interpolate: 0
  m_Constraints: 0
  m_CollisionDetection: 1
--- !u!54 &54112430131812622
Rigidbody:
  m_ObjectHideFlags: 1
  m_CorrespondingSourceObject: {fileID: 0}
  m_PrefabInternal: {fileID: 100100000}
  m_GameObject: {fileID: 1912068876741984}
  serializedVersion: 2
  m_Mass: 1e+9
  m_Drag: 0
  m_AngularDrag: 0
  m_UseGravity: 0
  m_IsKinematic: 1
  m_Interpolate: 0
  m_Constraints: 0
  m_CollisionDetection: 1
--- !u!54 &54123957927972036
Rigidbody:
  m_ObjectHideFlags: 1
  m_CorrespondingSourceObject: {fileID: 0}
  m_PrefabInternal: {fileID: 100100000}
  m_GameObject: {fileID: 1532798291711018}
  serializedVersion: 2
  m_Mass: 1e+9
  m_Drag: 0
  m_AngularDrag: 0
  m_UseGravity: 0
  m_IsKinematic: 1
  m_Interpolate: 0
  m_Constraints: 0
  m_CollisionDetection: 1
--- !u!54 &54129788515926418
Rigidbody:
  m_ObjectHideFlags: 1
  m_CorrespondingSourceObject: {fileID: 0}
  m_PrefabInternal: {fileID: 100100000}
  m_GameObject: {fileID: 1151835424310472}
  serializedVersion: 2
  m_Mass: 1e+9
  m_Drag: 0
  m_AngularDrag: 0
  m_UseGravity: 0
  m_IsKinematic: 1
  m_Interpolate: 0
  m_Constraints: 0
  m_CollisionDetection: 1
--- !u!54 &54206401108145382
Rigidbody:
  m_ObjectHideFlags: 1
  m_CorrespondingSourceObject: {fileID: 0}
  m_PrefabInternal: {fileID: 100100000}
  m_GameObject: {fileID: 1760120127635056}
  serializedVersion: 2
  m_Mass: 1e+9
  m_Drag: 0
  m_AngularDrag: 0
  m_UseGravity: 0
  m_IsKinematic: 1
  m_Interpolate: 0
  m_Constraints: 0
  m_CollisionDetection: 1
--- !u!54 &54222950671640572
Rigidbody:
  m_ObjectHideFlags: 1
  m_CorrespondingSourceObject: {fileID: 0}
  m_PrefabInternal: {fileID: 100100000}
  m_GameObject: {fileID: 1380334041635820}
  serializedVersion: 2
  m_Mass: 1e+9
  m_Drag: 0
  m_AngularDrag: 0
  m_UseGravity: 0
  m_IsKinematic: 1
  m_Interpolate: 0
  m_Constraints: 0
  m_CollisionDetection: 1
--- !u!54 &54265974097585276
Rigidbody:
  m_ObjectHideFlags: 1
  m_CorrespondingSourceObject: {fileID: 0}
  m_PrefabInternal: {fileID: 100100000}
  m_GameObject: {fileID: 1623281921581296}
  serializedVersion: 2
  m_Mass: 1e+9
  m_Drag: 0
  m_AngularDrag: 0
  m_UseGravity: 0
  m_IsKinematic: 1
  m_Interpolate: 0
  m_Constraints: 0
  m_CollisionDetection: 1
--- !u!54 &54270949500051230
Rigidbody:
  m_ObjectHideFlags: 1
  m_CorrespondingSourceObject: {fileID: 0}
  m_PrefabInternal: {fileID: 100100000}
  m_GameObject: {fileID: 1749056350052508}
  serializedVersion: 2
  m_Mass: 1e+9
  m_Drag: 0
  m_AngularDrag: 0
  m_UseGravity: 0
  m_IsKinematic: 1
  m_Interpolate: 0
  m_Constraints: 0
  m_CollisionDetection: 1
--- !u!54 &54273630021556330
Rigidbody:
  m_ObjectHideFlags: 1
  m_CorrespondingSourceObject: {fileID: 0}
  m_PrefabInternal: {fileID: 100100000}
  m_GameObject: {fileID: 1182031891101698}
  serializedVersion: 2
  m_Mass: 1e+9
  m_Drag: 0
  m_AngularDrag: 0
  m_UseGravity: 0
  m_IsKinematic: 1
  m_Interpolate: 0
  m_Constraints: 0
  m_CollisionDetection: 1
--- !u!54 &54289529715125600
Rigidbody:
  m_ObjectHideFlags: 1
  m_CorrespondingSourceObject: {fileID: 0}
  m_PrefabInternal: {fileID: 100100000}
  m_GameObject: {fileID: 1438460472136672}
  serializedVersion: 2
  m_Mass: 1e+9
  m_Drag: 0
  m_AngularDrag: 0
  m_UseGravity: 0
  m_IsKinematic: 1
  m_Interpolate: 0
  m_Constraints: 0
  m_CollisionDetection: 1
--- !u!54 &54318532599606438
Rigidbody:
  m_ObjectHideFlags: 1
  m_CorrespondingSourceObject: {fileID: 0}
  m_PrefabInternal: {fileID: 100100000}
  m_GameObject: {fileID: 1288230749790384}
  serializedVersion: 2
  m_Mass: 1e+9
  m_Drag: 0
  m_AngularDrag: 0
  m_UseGravity: 0
  m_IsKinematic: 1
  m_Interpolate: 0
  m_Constraints: 0
  m_CollisionDetection: 1
--- !u!54 &54330431101691986
Rigidbody:
  m_ObjectHideFlags: 1
  m_CorrespondingSourceObject: {fileID: 0}
  m_PrefabInternal: {fileID: 100100000}
  m_GameObject: {fileID: 1554077249191624}
  serializedVersion: 2
  m_Mass: 1e+9
  m_Drag: 0
  m_AngularDrag: 0
  m_UseGravity: 0
  m_IsKinematic: 1
  m_Interpolate: 0
  m_Constraints: 0
  m_CollisionDetection: 1
--- !u!54 &54361497082866396
Rigidbody:
  m_ObjectHideFlags: 1
  m_CorrespondingSourceObject: {fileID: 0}
  m_PrefabInternal: {fileID: 100100000}
  m_GameObject: {fileID: 1223892903517044}
  serializedVersion: 2
  m_Mass: 1e+9
  m_Drag: 0
  m_AngularDrag: 0
  m_UseGravity: 0
  m_IsKinematic: 1
  m_Interpolate: 0
  m_Constraints: 0
  m_CollisionDetection: 1
--- !u!54 &54375872849261580
Rigidbody:
  m_ObjectHideFlags: 1
  m_CorrespondingSourceObject: {fileID: 0}
  m_PrefabInternal: {fileID: 100100000}
  m_GameObject: {fileID: 1723346345618374}
  serializedVersion: 2
  m_Mass: 1e+9
  m_Drag: 0
  m_AngularDrag: 0
  m_UseGravity: 0
  m_IsKinematic: 1
  m_Interpolate: 0
  m_Constraints: 0
  m_CollisionDetection: 1
--- !u!54 &54383132606948374
Rigidbody:
  m_ObjectHideFlags: 1
  m_CorrespondingSourceObject: {fileID: 0}
  m_PrefabInternal: {fileID: 100100000}
  m_GameObject: {fileID: 1791395057088132}
  serializedVersion: 2
  m_Mass: 1e+9
  m_Drag: 0
  m_AngularDrag: 0
  m_UseGravity: 0
  m_IsKinematic: 1
  m_Interpolate: 0
  m_Constraints: 0
  m_CollisionDetection: 1
--- !u!54 &54522928896509516
Rigidbody:
  m_ObjectHideFlags: 1
  m_CorrespondingSourceObject: {fileID: 0}
  m_PrefabInternal: {fileID: 100100000}
  m_GameObject: {fileID: 1716631840896364}
  serializedVersion: 2
  m_Mass: 1e+9
  m_Drag: 0
  m_AngularDrag: 0
  m_UseGravity: 0
  m_IsKinematic: 1
  m_Interpolate: 0
  m_Constraints: 0
  m_CollisionDetection: 1
--- !u!54 &54575153753645942
Rigidbody:
  m_ObjectHideFlags: 1
  m_CorrespondingSourceObject: {fileID: 0}
  m_PrefabInternal: {fileID: 100100000}
  m_GameObject: {fileID: 1651614155469490}
  serializedVersion: 2
  m_Mass: 1e+9
  m_Drag: 0
  m_AngularDrag: 0
  m_UseGravity: 0
  m_IsKinematic: 1
  m_Interpolate: 0
  m_Constraints: 0
  m_CollisionDetection: 1
--- !u!54 &54645118820683796
Rigidbody:
  m_ObjectHideFlags: 1
  m_CorrespondingSourceObject: {fileID: 0}
  m_PrefabInternal: {fileID: 100100000}
  m_GameObject: {fileID: 1744846187635302}
  serializedVersion: 2
  m_Mass: 1e+9
  m_Drag: 0
  m_AngularDrag: 0
  m_UseGravity: 0
  m_IsKinematic: 1
  m_Interpolate: 0
  m_Constraints: 0
  m_CollisionDetection: 1
--- !u!54 &54649414482561756
Rigidbody:
  m_ObjectHideFlags: 1
  m_CorrespondingSourceObject: {fileID: 0}
  m_PrefabInternal: {fileID: 100100000}
  m_GameObject: {fileID: 1304080893620004}
  serializedVersion: 2
  m_Mass: 1
  m_Drag: 0
  m_AngularDrag: 0.05
  m_UseGravity: 0
  m_IsKinematic: 1
  m_Interpolate: 0
  m_Constraints: 0
  m_CollisionDetection: 0
--- !u!54 &54650101746265812
Rigidbody:
  m_ObjectHideFlags: 1
  m_CorrespondingSourceObject: {fileID: 0}
  m_PrefabInternal: {fileID: 100100000}
  m_GameObject: {fileID: 1430578951749914}
  serializedVersion: 2
  m_Mass: 1e+9
  m_Drag: 0
  m_AngularDrag: 0
  m_UseGravity: 0
  m_IsKinematic: 1
  m_Interpolate: 0
  m_Constraints: 0
  m_CollisionDetection: 1
--- !u!54 &54688478438196884
Rigidbody:
  m_ObjectHideFlags: 1
  m_CorrespondingSourceObject: {fileID: 0}
  m_PrefabInternal: {fileID: 100100000}
  m_GameObject: {fileID: 1324630695325724}
  serializedVersion: 2
  m_Mass: 1e+9
  m_Drag: 0
  m_AngularDrag: 0
  m_UseGravity: 0
  m_IsKinematic: 1
  m_Interpolate: 0
  m_Constraints: 0
  m_CollisionDetection: 1
--- !u!54 &54722684652691610
Rigidbody:
  m_ObjectHideFlags: 1
  m_CorrespondingSourceObject: {fileID: 0}
  m_PrefabInternal: {fileID: 100100000}
  m_GameObject: {fileID: 1843309015625752}
  serializedVersion: 2
  m_Mass: 1e+9
  m_Drag: 0
  m_AngularDrag: 0
  m_UseGravity: 0
  m_IsKinematic: 1
  m_Interpolate: 0
  m_Constraints: 0
  m_CollisionDetection: 1
--- !u!54 &54739111962512682
Rigidbody:
  m_ObjectHideFlags: 1
  m_CorrespondingSourceObject: {fileID: 0}
  m_PrefabInternal: {fileID: 100100000}
  m_GameObject: {fileID: 1141387714630468}
  serializedVersion: 2
  m_Mass: 1e+9
  m_Drag: 0
  m_AngularDrag: 0
  m_UseGravity: 0
  m_IsKinematic: 1
  m_Interpolate: 0
  m_Constraints: 0
  m_CollisionDetection: 1
--- !u!54 &54766437694343148
Rigidbody:
  m_ObjectHideFlags: 1
  m_CorrespondingSourceObject: {fileID: 0}
  m_PrefabInternal: {fileID: 100100000}
  m_GameObject: {fileID: 1710198044173416}
  serializedVersion: 2
  m_Mass: 1e+9
  m_Drag: 0
  m_AngularDrag: 0
  m_UseGravity: 0
  m_IsKinematic: 1
  m_Interpolate: 0
  m_Constraints: 0
  m_CollisionDetection: 1
--- !u!54 &54768457482781866
Rigidbody:
  m_ObjectHideFlags: 1
  m_CorrespondingSourceObject: {fileID: 0}
  m_PrefabInternal: {fileID: 100100000}
  m_GameObject: {fileID: 1162488422704716}
  serializedVersion: 2
  m_Mass: 1e+9
  m_Drag: 0
  m_AngularDrag: 0
  m_UseGravity: 0
  m_IsKinematic: 1
  m_Interpolate: 0
  m_Constraints: 0
  m_CollisionDetection: 1
--- !u!54 &54818910051879522
Rigidbody:
  m_ObjectHideFlags: 1
  m_CorrespondingSourceObject: {fileID: 0}
  m_PrefabInternal: {fileID: 100100000}
  m_GameObject: {fileID: 1243678968260842}
  serializedVersion: 2
  m_Mass: 1e+9
  m_Drag: 0
  m_AngularDrag: 0
  m_UseGravity: 0
  m_IsKinematic: 1
  m_Interpolate: 0
  m_Constraints: 0
  m_CollisionDetection: 1
--- !u!54 &54835187629128218
Rigidbody:
  m_ObjectHideFlags: 1
  m_CorrespondingSourceObject: {fileID: 0}
  m_PrefabInternal: {fileID: 100100000}
  m_GameObject: {fileID: 1423786072769218}
  serializedVersion: 2
  m_Mass: 1e+9
  m_Drag: 0
  m_AngularDrag: 0
  m_UseGravity: 0
  m_IsKinematic: 1
  m_Interpolate: 0
  m_Constraints: 0
  m_CollisionDetection: 1
--- !u!54 &54843249939298346
Rigidbody:
  m_ObjectHideFlags: 1
  m_CorrespondingSourceObject: {fileID: 0}
  m_PrefabInternal: {fileID: 100100000}
  m_GameObject: {fileID: 1286835092654776}
  serializedVersion: 2
  m_Mass: 1e+9
  m_Drag: 0
  m_AngularDrag: 0
  m_UseGravity: 0
  m_IsKinematic: 1
  m_Interpolate: 0
  m_Constraints: 0
  m_CollisionDetection: 1
--- !u!54 &54855614811919394
Rigidbody:
  m_ObjectHideFlags: 1
  m_CorrespondingSourceObject: {fileID: 0}
  m_PrefabInternal: {fileID: 100100000}
  m_GameObject: {fileID: 1573131756200558}
  serializedVersion: 2
  m_Mass: 1e+9
  m_Drag: 0
  m_AngularDrag: 0
  m_UseGravity: 0
  m_IsKinematic: 1
  m_Interpolate: 0
  m_Constraints: 0
  m_CollisionDetection: 1
--- !u!54 &54896423219883374
Rigidbody:
  m_ObjectHideFlags: 1
  m_CorrespondingSourceObject: {fileID: 0}
  m_PrefabInternal: {fileID: 100100000}
  m_GameObject: {fileID: 1361770490227028}
  serializedVersion: 2
  m_Mass: 1e+9
  m_Drag: 0
  m_AngularDrag: 0
  m_UseGravity: 0
  m_IsKinematic: 1
  m_Interpolate: 0
  m_Constraints: 0
  m_CollisionDetection: 1
--- !u!54 &54900912601791854
Rigidbody:
  m_ObjectHideFlags: 1
  m_CorrespondingSourceObject: {fileID: 0}
  m_PrefabInternal: {fileID: 100100000}
  m_GameObject: {fileID: 1728128506720692}
  serializedVersion: 2
  m_Mass: 1e+9
  m_Drag: 0
  m_AngularDrag: 0
  m_UseGravity: 0
  m_IsKinematic: 1
  m_Interpolate: 0
  m_Constraints: 0
  m_CollisionDetection: 1
--- !u!54 &54945945638586664
Rigidbody:
  m_ObjectHideFlags: 1
  m_CorrespondingSourceObject: {fileID: 0}
  m_PrefabInternal: {fileID: 100100000}
  m_GameObject: {fileID: 1326963862781002}
  serializedVersion: 2
  m_Mass: 1e+9
  m_Drag: 0
  m_AngularDrag: 0
  m_UseGravity: 0
  m_IsKinematic: 1
  m_Interpolate: 0
  m_Constraints: 0
  m_CollisionDetection: 1
--- !u!54 &54976462488330010
Rigidbody:
  m_ObjectHideFlags: 1
  m_CorrespondingSourceObject: {fileID: 0}
  m_PrefabInternal: {fileID: 100100000}
  m_GameObject: {fileID: 1338335688909282}
  serializedVersion: 2
  m_Mass: 1e+9
  m_Drag: 0
  m_AngularDrag: 0
  m_UseGravity: 0
  m_IsKinematic: 1
  m_Interpolate: 0
  m_Constraints: 0
  m_CollisionDetection: 1
--- !u!64 &64770280560837574
MeshCollider:
  m_ObjectHideFlags: 1
  m_CorrespondingSourceObject: {fileID: 0}
  m_PrefabInternal: {fileID: 100100000}
  m_GameObject: {fileID: 1304080893620004}
  m_Material: {fileID: 0}
  m_IsTrigger: 0
  m_Enabled: 1
  serializedVersion: 3
  m_Convex: 0
  m_CookingOptions: 14
  m_SkinWidth: 0.01
  m_Mesh: {fileID: 0}
--- !u!65 &65495913123892292
BoxCollider:
  m_ObjectHideFlags: 1
  m_CorrespondingSourceObject: {fileID: 0}
  m_PrefabInternal: {fileID: 100100000}
  m_GameObject: {fileID: 1573131756200558}
  m_Material: {fileID: 0}
  m_IsTrigger: 0
  m_Enabled: 1
  serializedVersion: 2
  m_Size: {x: 0.06, y: 0.02, z: 0.07}
  m_Center: {x: 0, y: 0, z: -0.005}
--- !u!65 &65526079251897936
BoxCollider:
  m_ObjectHideFlags: 1
  m_CorrespondingSourceObject: {fileID: 0}
  m_PrefabInternal: {fileID: 100100000}
  m_GameObject: {fileID: 1749056350052508}
  m_Material: {fileID: 0}
  m_IsTrigger: 0
  m_Enabled: 1
  serializedVersion: 2
  m_Size: {x: 0.06, y: 0.02, z: 0.07}
  m_Center: {x: 0, y: 0, z: -0.005}
--- !u!114 &114128441924191168
MonoBehaviour:
  m_ObjectHideFlags: 1
  m_CorrespondingSourceObject: {fileID: 0}
  m_PrefabInternal: {fileID: 100100000}
  m_GameObject: {fileID: 1576546768652980}
  m_Enabled: 1
  m_EditorHideFlags: 0
  m_Script: {fileID: 11500000, guid: a04122797dd84ca43a07055f12d91e0f, type: 3}
  m_Name: 
  m_EditorClassIdentifier: 
  handedness: 1
  _showArm: 0
  _castShadows: 1
  _material: {fileID: 10303, guid: 0000000000000000f000000000000000, type: 0}
  _sphereMesh: {fileID: 4300002, guid: 2f496b1b1bec86743b418551f859020c, type: 3}
  _cylinderResolution: 12
  _jointRadius: 0.008
  _cylinderRadius: 0.006
  _palmRadius: 0.015
--- !u!114 &114270862624054200
MonoBehaviour:
  m_ObjectHideFlags: 1
  m_CorrespondingSourceObject: {fileID: 0}
  m_PrefabInternal: {fileID: 100100000}
  m_GameObject: {fileID: 1223201289636058}
  m_Enabled: 1
  m_EditorHideFlags: 0
  m_Script: {fileID: 11500000, guid: 862e1c8d784604a8ba021be6abc6470a, type: 3}
  m_Name: 
  m_EditorClassIdentifier: 
  fingerType: 3
  bones:
  - {fileID: 0}
  - {fileID: 4444000845876792}
  - {fileID: 4163368941689632}
  - {fileID: 4416532364523810}
  joints:
  - {fileID: 0}
  - {fileID: 0}
  - {fileID: 0}
  filtering: 0.5
--- !u!114 &114302474168338212
MonoBehaviour:
  m_ObjectHideFlags: 1
  m_CorrespondingSourceObject: {fileID: 0}
  m_PrefabInternal: {fileID: 100100000}
  m_GameObject: {fileID: 1203446660269680}
  m_Enabled: 1
  m_EditorHideFlags: 0
  m_Script: {fileID: 11500000, guid: 862e1c8d784604a8ba021be6abc6470a, type: 3}
  m_Name: 
  m_EditorClassIdentifier: 
  fingerType: 4
  bones:
  - {fileID: 0}
  - {fileID: 4281311020604642}
  - {fileID: 4844323784050068}
  - {fileID: 4805316425642122}
  joints:
  - {fileID: 0}
  - {fileID: 0}
  - {fileID: 0}
  filtering: 0.5
--- !u!114 &114401907932161950
MonoBehaviour:
  m_ObjectHideFlags: 1
  m_CorrespondingSourceObject: {fileID: 0}
  m_PrefabInternal: {fileID: 100100000}
  m_GameObject: {fileID: 1304080893620004}
  m_Enabled: 1
  m_EditorHideFlags: 0
  m_Script: {fileID: 11500000, guid: c592f16851a620743868a31232613370, type: 3}
  m_Name: 
  m_EditorClassIdentifier: 
  _leapProvider: {fileID: 0}
  ModelPool:
  - GroupName: Graphics_Hands
    _handModelManager: {fileID: 0}
    LeftModel: {fileID: 114459535096475922}
    IsLeftToBeSpawned: 0
    RightModel: {fileID: 114128441924191168}
    IsRightToBeSpawned: 0
    IsEnabled: 1
    CanDuplicate: 1
  - GroupName: Physics_Hands
    _handModelManager: {fileID: 0}
    LeftModel: {fileID: 114826202944441140}
    IsLeftToBeSpawned: 0
    RightModel: {fileID: 114997900069255830}
    IsRightToBeSpawned: 0
    IsEnabled: 1
    CanDuplicate: 1
--- !u!114 &114459535096475922
MonoBehaviour:
  m_ObjectHideFlags: 1
  m_CorrespondingSourceObject: {fileID: 0}
  m_PrefabInternal: {fileID: 100100000}
  m_GameObject: {fileID: 1218036033892892}
  m_Enabled: 1
  m_EditorHideFlags: 0
  m_Script: {fileID: 11500000, guid: a04122797dd84ca43a07055f12d91e0f, type: 3}
  m_Name: 
  m_EditorClassIdentifier: 
  handedness: 0
  _showArm: 0
  _castShadows: 1
  _material: {fileID: 10303, guid: 0000000000000000f000000000000000, type: 0}
  _sphereMesh: {fileID: 4300002, guid: 2f496b1b1bec86743b418551f859020c, type: 3}
  _cylinderResolution: 12
  _jointRadius: 0.008
  _cylinderRadius: 0.006
  _palmRadius: 0.015
--- !u!114 &114509842101238846
MonoBehaviour:
  m_ObjectHideFlags: 1
  m_CorrespondingSourceObject: {fileID: 0}
  m_PrefabInternal: {fileID: 100100000}
  m_GameObject: {fileID: 1093208436483918}
  m_Enabled: 1
  m_EditorHideFlags: 0
  m_Script: {fileID: 11500000, guid: 8bcd03e00992e084c8be61565d44b8bd, type: 3}
  m_Name: 
  m_EditorClassIdentifier: 
--- !u!114 &114568405903145670
MonoBehaviour:
  m_ObjectHideFlags: 1
  m_CorrespondingSourceObject: {fileID: 0}
  m_PrefabInternal: {fileID: 100100000}
  m_GameObject: {fileID: 1971073362515504}
  m_Enabled: 1
  m_EditorHideFlags: 0
  m_Script: {fileID: 11500000, guid: 862e1c8d784604a8ba021be6abc6470a, type: 3}
  m_Name: 
  m_EditorClassIdentifier: 
  fingerType: 0
  bones:
  - {fileID: 0}
  - {fileID: 4096295154615378}
  - {fileID: 4971054218666012}
  - {fileID: 4816193433154194}
  joints:
  - {fileID: 0}
  - {fileID: 0}
  - {fileID: 0}
  filtering: 0.5
--- !u!114 &114618719122599630
MonoBehaviour:
  m_ObjectHideFlags: 1
  m_CorrespondingSourceObject: {fileID: 0}
  m_PrefabInternal: {fileID: 100100000}
  m_GameObject: {fileID: 1576546768652980}
  m_Enabled: 1
  m_EditorHideFlags: 0
  m_Script: {fileID: 11500000, guid: 8bcd03e00992e084c8be61565d44b8bd, type: 3}
  m_Name: 
  m_EditorClassIdentifier: 
--- !u!114 &114623140723445988
MonoBehaviour:
  m_ObjectHideFlags: 1
  m_CorrespondingSourceObject: {fileID: 0}
  m_PrefabInternal: {fileID: 100100000}
  m_GameObject: {fileID: 1777384004592172}
  m_Enabled: 1
  m_EditorHideFlags: 0
  m_Script: {fileID: 11500000, guid: 862e1c8d784604a8ba021be6abc6470a, type: 3}
  m_Name: 
  m_EditorClassIdentifier: 
  fingerType: 2
  bones:
  - {fileID: 0}
  - {fileID: 4488607548732670}
  - {fileID: 4896240761107658}
  - {fileID: 4413879802137192}
  joints:
  - {fileID: 0}
  - {fileID: 0}
  - {fileID: 0}
  filtering: 0.5
--- !u!114 &114704185958363072
MonoBehaviour:
  m_ObjectHideFlags: 1
  m_CorrespondingSourceObject: {fileID: 0}
  m_PrefabInternal: {fileID: 100100000}
  m_GameObject: {fileID: 1579104104646122}
  m_Enabled: 1
  m_EditorHideFlags: 0
  m_Script: {fileID: 11500000, guid: 862e1c8d784604a8ba021be6abc6470a, type: 3}
  m_Name: 
  m_EditorClassIdentifier: 
  fingerType: 3
  bones:
  - {fileID: 0}
  - {fileID: 4904661342689700}
  - {fileID: 4927707569119192}
  - {fileID: 4464425990754842}
  joints:
  - {fileID: 0}
  - {fileID: 0}
  - {fileID: 0}
  filtering: 0.5
--- !u!114 &114716597519937690
MonoBehaviour:
  m_ObjectHideFlags: 1
  m_CorrespondingSourceObject: {fileID: 0}
  m_PrefabInternal: {fileID: 100100000}
  m_GameObject: {fileID: 1405721767413008}
  m_Enabled: 1
  m_EditorHideFlags: 0
  m_Script: {fileID: 11500000, guid: 862e1c8d784604a8ba021be6abc6470a, type: 3}
  m_Name: 
  m_EditorClassIdentifier: 
  fingerType: 1
  bones:
  - {fileID: 0}
  - {fileID: 4706480305046642}
  - {fileID: 4453800904430880}
  - {fileID: 4307261236501302}
  joints:
  - {fileID: 0}
  - {fileID: 0}
  - {fileID: 0}
  filtering: 0.5
--- !u!114 &114790258287950580
MonoBehaviour:
  m_ObjectHideFlags: 1
  m_CorrespondingSourceObject: {fileID: 0}
  m_PrefabInternal: {fileID: 100100000}
  m_GameObject: {fileID: 1193810440915982}
  m_Enabled: 1
  m_EditorHideFlags: 0
  m_Script: {fileID: 11500000, guid: 862e1c8d784604a8ba021be6abc6470a, type: 3}
  m_Name: 
  m_EditorClassIdentifier: 
  fingerType: 1
  bones:
  - {fileID: 0}
  - {fileID: 4217315849204482}
  - {fileID: 4407474188643972}
  - {fileID: 4506962331740380}
  joints:
  - {fileID: 0}
  - {fileID: 0}
  - {fileID: 0}
  filtering: 0.5
--- !u!114 &114826202944441140
MonoBehaviour:
  m_ObjectHideFlags: 1
  m_CorrespondingSourceObject: {fileID: 0}
  m_PrefabInternal: {fileID: 100100000}
  m_GameObject: {fileID: 1093208436483918}
  m_Enabled: 1
  m_EditorHideFlags: 0
  m_Script: {fileID: 11500000, guid: 9ea79be653ce14db8969d7225d95ec6c, type: 3}
  m_Name: 
  m_EditorClassIdentifier: 
  handedness: 0
  handModelPalmWidth: 0.085
  fingers:
  - {fileID: 114960489012342620}
  - {fileID: 114790258287950580}
  - {fileID: 114623140723445988}
  - {fileID: 114270862624054200}
  - {fileID: 114856541953219976}
  palm: {fileID: 4444794795096542}
  forearm: {fileID: 4459521863407530}
  wristJoint: {fileID: 0}
  elbowJoint: {fileID: 0}
  filtering: 0.5
--- !u!114 &114856541953219976
MonoBehaviour:
  m_ObjectHideFlags: 1
  m_CorrespondingSourceObject: {fileID: 0}
  m_PrefabInternal: {fileID: 100100000}
  m_GameObject: {fileID: 1732804346203778}
  m_Enabled: 1
  m_EditorHideFlags: 0
  m_Script: {fileID: 11500000, guid: 862e1c8d784604a8ba021be6abc6470a, type: 3}
  m_Name: 
  m_EditorClassIdentifier: 
  fingerType: 4
  bones:
  - {fileID: 0}
  - {fileID: 4889226791978412}
  - {fileID: 4892696239580046}
  - {fileID: 4511292122590744}
  joints:
  - {fileID: 0}
  - {fileID: 0}
  - {fileID: 0}
  filtering: 0.5
--- !u!114 &114876565124354658
MonoBehaviour:
  m_ObjectHideFlags: 1
  m_CorrespondingSourceObject: {fileID: 0}
  m_PrefabInternal: {fileID: 100100000}
  m_GameObject: {fileID: 1218036033892892}
  m_Enabled: 1
  m_EditorHideFlags: 0
  m_Script: {fileID: 11500000, guid: 8bcd03e00992e084c8be61565d44b8bd, type: 3}
  m_Name: 
  m_EditorClassIdentifier: 
--- !u!114 &114946001861710444
MonoBehaviour:
  m_ObjectHideFlags: 1
  m_CorrespondingSourceObject: {fileID: 0}
  m_PrefabInternal: {fileID: 100100000}
  m_GameObject: {fileID: 1501439524134794}
  m_Enabled: 1
  m_EditorHideFlags: 0
  m_Script: {fileID: 11500000, guid: 8bcd03e00992e084c8be61565d44b8bd, type: 3}
  m_Name: 
  m_EditorClassIdentifier: 
--- !u!114 &114960489012342620
MonoBehaviour:
  m_ObjectHideFlags: 1
  m_CorrespondingSourceObject: {fileID: 0}
  m_PrefabInternal: {fileID: 100100000}
  m_GameObject: {fileID: 1177487082467258}
  m_Enabled: 1
  m_EditorHideFlags: 0
  m_Script: {fileID: 11500000, guid: 862e1c8d784604a8ba021be6abc6470a, type: 3}
  m_Name: 
  m_EditorClassIdentifier: 
  fingerType: 0
  bones:
  - {fileID: 0}
  - {fileID: 4752585995112900}
  - {fileID: 4499154734133216}
  - {fileID: 4227567362070592}
  joints:
  - {fileID: 0}
  - {fileID: 0}
  - {fileID: 0}
  filtering: 0.5
--- !u!114 &114984315618548138
MonoBehaviour:
  m_ObjectHideFlags: 1
  m_CorrespondingSourceObject: {fileID: 0}
  m_PrefabInternal: {fileID: 100100000}
  m_GameObject: {fileID: 1952734159548262}
  m_Enabled: 1
  m_EditorHideFlags: 0
  m_Script: {fileID: 11500000, guid: 862e1c8d784604a8ba021be6abc6470a, type: 3}
  m_Name: 
  m_EditorClassIdentifier: 
  fingerType: 2
  bones:
  - {fileID: 0}
  - {fileID: 4825249747886944}
  - {fileID: 4899999542709638}
  - {fileID: 4736599378663988}
  joints:
  - {fileID: 0}
  - {fileID: 0}
  - {fileID: 0}
  filtering: 0.5
--- !u!114 &114997900069255830
MonoBehaviour:
  m_ObjectHideFlags: 1
  m_CorrespondingSourceObject: {fileID: 0}
  m_PrefabInternal: {fileID: 100100000}
  m_GameObject: {fileID: 1501439524134794}
  m_Enabled: 1
  m_EditorHideFlags: 0
  m_Script: {fileID: 11500000, guid: 9ea79be653ce14db8969d7225d95ec6c, type: 3}
  m_Name: 
  m_EditorClassIdentifier: 
  handedness: 1
  handModelPalmWidth: 0.085
  fingers:
  - {fileID: 114568405903145670}
  - {fileID: 114716597519937690}
  - {fileID: 114984315618548138}
  - {fileID: 114704185958363072}
  - {fileID: 114302474168338212}
  palm: {fileID: 4171174069677052}
  forearm: {fileID: 4625938739957296}
  wristJoint: {fileID: 0}
  elbowJoint: {fileID: 0}
  filtering: 0.5
--- !u!136 &136054659779533788
CapsuleCollider:
  m_ObjectHideFlags: 1
  m_CorrespondingSourceObject: {fileID: 0}
  m_PrefabInternal: {fileID: 100100000}
  m_GameObject: {fileID: 1623281921581296}
  m_Material: {fileID: 0}
  m_IsTrigger: 0
  m_Enabled: 1
  m_Radius: 0.004
  m_Height: 0.03365
  m_Direction: 2
  m_Center: {x: 0, y: 0, z: 0}
--- !u!136 &136161594019191236
CapsuleCollider:
  m_ObjectHideFlags: 1
  m_CorrespondingSourceObject: {fileID: 0}
  m_PrefabInternal: {fileID: 100100000}
  m_GameObject: {fileID: 1791395057088132}
  m_Material: {fileID: 0}
  m_IsTrigger: 0
  m_Enabled: 1
  m_Radius: 0.004
  m_Height: 0.052630004
  m_Direction: 2
  m_Center: {x: 0, y: 0, z: 0}
--- !u!136 &136174435474690688
CapsuleCollider:
  m_ObjectHideFlags: 1
  m_CorrespondingSourceObject: {fileID: 0}
  m_PrefabInternal: {fileID: 100100000}
  m_GameObject: {fileID: 1141387714630468}
  m_Material: {fileID: 0}
  m_IsTrigger: 0
  m_Enabled: 1
  m_Radius: 0.004
  m_Height: 0.025400002
  m_Direction: 2
  m_Center: {x: 0, y: 0, z: 0}
--- !u!136 &136188443109869918
CapsuleCollider:
  m_ObjectHideFlags: 1
  m_CorrespondingSourceObject: {fileID: 0}
  m_PrefabInternal: {fileID: 100100000}
  m_GameObject: {fileID: 1554077249191624}
  m_Material: {fileID: 0}
  m_IsTrigger: 0
  m_Enabled: 1
  m_Radius: 0.004
  m_Height: 0.023960002
  m_Direction: 2
  m_Center: {x: 0, y: 0, z: 0}
--- !u!136 &136200550005948064
CapsuleCollider:
  m_ObjectHideFlags: 1
  m_CorrespondingSourceObject: {fileID: 0}
  m_PrefabInternal: {fileID: 100100000}
  m_GameObject: {fileID: 1380334041635820}
  m_Material: {fileID: 0}
  m_IsTrigger: 0
  m_Enabled: 1
  m_Radius: 0.004
  m_Height: 0.047780003
  m_Direction: 2
  m_Center: {x: 0, y: 0, z: 0}
--- !u!136 &136235554157840172
CapsuleCollider:
  m_ObjectHideFlags: 1
  m_CorrespondingSourceObject: {fileID: 0}
  m_PrefabInternal: {fileID: 100100000}
  m_GameObject: {fileID: 1912068876741984}
  m_Material: {fileID: 0}
  m_IsTrigger: 0
  m_Enabled: 1
  m_Radius: 0.004
  m_Height: 0.049370002
  m_Direction: 2
  m_Center: {x: 0, y: 0, z: 0}
--- !u!136 &136236473036780578
CapsuleCollider:
  m_ObjectHideFlags: 1
  m_CorrespondingSourceObject: {fileID: 0}
  m_PrefabInternal: {fileID: 100100000}
  m_GameObject: {fileID: 1182031891101698}
  m_Material: {fileID: 0}
  m_IsTrigger: 0
  m_Enabled: 1
  m_Radius: 0.004
  m_Height: 0.03038
  m_Direction: 2
  m_Center: {x: 0, y: 0, z: 0}
--- !u!136 &136286044120669386
CapsuleCollider:
  m_ObjectHideFlags: 1
  m_CorrespondingSourceObject: {fileID: 0}
  m_PrefabInternal: {fileID: 100100000}
  m_GameObject: {fileID: 1430578951749914}
  m_Material: {fileID: 0}
  m_IsTrigger: 0
  m_Enabled: 1
  m_Radius: 0.004
  m_Height: 0.047780003
  m_Direction: 2
  m_Center: {x: 0, y: 0, z: 0}
--- !u!136 &136302596305822718
CapsuleCollider:
  m_ObjectHideFlags: 1
  m_CorrespondingSourceObject: {fileID: 0}
  m_PrefabInternal: {fileID: 100100000}
  m_GameObject: {fileID: 1760120127635056}
  m_Material: {fileID: 0}
  m_IsTrigger: 0
  m_Enabled: 1
  m_Radius: 0.004
  m_Height: 0.0253
  m_Direction: 2
  m_Center: {x: 0, y: 0, z: 0}
--- !u!136 &136316374820848406
CapsuleCollider:
  m_ObjectHideFlags: 1
  m_CorrespondingSourceObject: {fileID: 0}
  m_PrefabInternal: {fileID: 100100000}
  m_GameObject: {fileID: 1288230749790384}
  m_Material: {fileID: 0}
  m_IsTrigger: 0
  m_Enabled: 1
  m_Radius: 0.004
  m_Height: 0.040740006
  m_Direction: 2
  m_Center: {x: 0, y: 0, z: 0}
--- !u!136 &136329546826697086
CapsuleCollider:
  m_ObjectHideFlags: 1
  m_CorrespondingSourceObject: {fileID: 0}
  m_PrefabInternal: {fileID: 100100000}
  m_GameObject: {fileID: 1423786072769218}
  m_Material: {fileID: 0}
  m_IsTrigger: 0
  m_Enabled: 1
  m_Radius: 0.004
  m_Height: 0.040740006
  m_Direction: 2
  m_Center: {x: 0, y: 0, z: 0}
--- !u!136 &136360220920717108
CapsuleCollider:
  m_ObjectHideFlags: 1
  m_CorrespondingSourceObject: {fileID: 0}
  m_PrefabInternal: {fileID: 100100000}
  m_GameObject: {fileID: 1326963862781002}
  m_Material: {fileID: 0}
  m_IsTrigger: 0
  m_Enabled: 1
  m_Radius: 0.004
  m_Height: 0.034330003
  m_Direction: 2
  m_Center: {x: 0, y: 0, z: 0}
--- !u!136 &136389987146559304
CapsuleCollider:
  m_ObjectHideFlags: 1
  m_CorrespondingSourceObject: {fileID: 0}
  m_PrefabInternal: {fileID: 100100000}
  m_GameObject: {fileID: 1243678968260842}
  m_Material: {fileID: 0}
  m_IsTrigger: 0
  m_Enabled: 1
  m_Radius: 0.004
  m_Height: 0.02967
  m_Direction: 2
  m_Center: {x: 0, y: 0, z: 0}
--- !u!136 &136392506145787250
CapsuleCollider:
  m_ObjectHideFlags: 1
  m_CorrespondingSourceObject: {fileID: 0}
  m_PrefabInternal: {fileID: 100100000}
  m_GameObject: {fileID: 1324630695325724}
  m_Material: {fileID: 0}
  m_IsTrigger: 0
  m_Enabled: 1
  m_Radius: 0.004
  m_Height: 0.054220006
  m_Direction: 2
  m_Center: {x: 0, y: 0, z: 0}
--- !u!136 &136401945001279876
CapsuleCollider:
  m_ObjectHideFlags: 1
  m_CorrespondingSourceObject: {fileID: 0}
  m_PrefabInternal: {fileID: 100100000}
  m_GameObject: {fileID: 1843309015625752}
  m_Material: {fileID: 0}
  m_IsTrigger: 0
  m_Enabled: 1
  m_Radius: 0.0205
  m_Height: 0.291
  m_Direction: 2
  m_Center: {x: 0, y: 0, z: 0}
--- !u!136 &136419320553716630
CapsuleCollider:
  m_ObjectHideFlags: 1
  m_CorrespondingSourceObject: {fileID: 0}
  m_PrefabInternal: {fileID: 100100000}
  m_GameObject: {fileID: 1430035808166206}
  m_Material: {fileID: 0}
  m_IsTrigger: 0
  m_Enabled: 1
  m_Radius: 0.004
  m_Height: 0.03038
  m_Direction: 2
  m_Center: {x: 0, y: 0, z: 0}
--- !u!136 &136474150465826518
CapsuleCollider:
  m_ObjectHideFlags: 1
  m_CorrespondingSourceObject: {fileID: 0}
  m_PrefabInternal: {fileID: 100100000}
  m_GameObject: {fileID: 1710198044173416}
  m_Material: {fileID: 0}
  m_IsTrigger: 0
  m_Enabled: 1
  m_Radius: 0.004
  m_Height: 0.039570004
  m_Direction: 2
  m_Center: {x: 0, y: 0, z: 0}
--- !u!136 &136500292780390986
CapsuleCollider:
  m_ObjectHideFlags: 1
  m_CorrespondingSourceObject: {fileID: 0}
  m_PrefabInternal: {fileID: 100100000}
  m_GameObject: {fileID: 1286835092654776}
  m_Material: {fileID: 0}
  m_IsTrigger: 0
  m_Enabled: 1
  m_Radius: 0.004
  m_Height: 0.02967
  m_Direction: 2
  m_Center: {x: 0, y: 0, z: 0}
--- !u!136 &136533182539205610
CapsuleCollider:
  m_ObjectHideFlags: 1
  m_CorrespondingSourceObject: {fileID: 0}
  m_PrefabInternal: {fileID: 100100000}
  m_GameObject: {fileID: 1716631840896364}
  m_Material: {fileID: 0}
  m_IsTrigger: 0
  m_Enabled: 1
  m_Radius: 0.004
  m_Height: 0.049370002
  m_Direction: 2
  m_Center: {x: 0, y: 0, z: 0}
--- !u!136 &136621591376813208
CapsuleCollider:
  m_ObjectHideFlags: 1
  m_CorrespondingSourceObject: {fileID: 0}
  m_PrefabInternal: {fileID: 100100000}
  m_GameObject: {fileID: 1723346345618374}
  m_Material: {fileID: 0}
  m_IsTrigger: 0
  m_Enabled: 1
  m_Radius: 0.004
  m_Height: 0.0253
  m_Direction: 2
  m_Center: {x: 0, y: 0, z: 0}
--- !u!136 &136632047694091172
CapsuleCollider:
  m_ObjectHideFlags: 1
  m_CorrespondingSourceObject: {fileID: 0}
  m_PrefabInternal: {fileID: 100100000}
  m_GameObject: {fileID: 1986217998118296}
  m_Material: {fileID: 0}
  m_IsTrigger: 0
  m_Enabled: 1
  m_Radius: 0.004
  m_Height: 0.054220006
  m_Direction: 2
  m_Center: {x: 0, y: 0, z: 0}
--- !u!136 &136676071178433132
CapsuleCollider:
  m_ObjectHideFlags: 1
  m_CorrespondingSourceObject: {fileID: 0}
  m_PrefabInternal: {fileID: 100100000}
  m_GameObject: {fileID: 1338335688909282}
  m_Material: {fileID: 0}
  m_IsTrigger: 0
  m_Enabled: 1
  m_Radius: 0.004
  m_Height: 0.052630004
  m_Direction: 2
  m_Center: {x: 0, y: 0, z: 0}
--- !u!136 &136686221020226782
CapsuleCollider:
  m_ObjectHideFlags: 1
  m_CorrespondingSourceObject: {fileID: 0}
  m_PrefabInternal: {fileID: 100100000}
  m_GameObject: {fileID: 1438460472136672}
  m_Material: {fileID: 0}
  m_IsTrigger: 0
  m_Enabled: 1
  m_Radius: 0.004
  m_Height: 0.023820002
  m_Direction: 2
  m_Center: {x: 0, y: 0, z: 0}
--- !u!136 &136713310204625960
CapsuleCollider:
  m_ObjectHideFlags: 1
  m_CorrespondingSourceObject: {fileID: 0}
  m_PrefabInternal: {fileID: 100100000}
  m_GameObject: {fileID: 1361770490227028}
  m_Material: {fileID: 0}
  m_IsTrigger: 0
  m_Enabled: 1
  m_Radius: 0.004
  m_Height: 0.02611
  m_Direction: 2
  m_Center: {x: 0, y: 0, z: 0}
--- !u!136 &136725643425090302
CapsuleCollider:
  m_ObjectHideFlags: 1
  m_CorrespondingSourceObject: {fileID: 0}
  m_PrefabInternal: {fileID: 100100000}
  m_GameObject: {fileID: 1651614155469490}
  m_Material: {fileID: 0}
  m_IsTrigger: 0
  m_Enabled: 1
  m_Radius: 0.004
  m_Height: 0.034330003
  m_Direction: 2
  m_Center: {x: 0, y: 0, z: 0}
--- !u!136 &136747435224735918
CapsuleCollider:
  m_ObjectHideFlags: 1
  m_CorrespondingSourceObject: {fileID: 0}
  m_PrefabInternal: {fileID: 100100000}
  m_GameObject: {fileID: 1151835424310472}
  m_Material: {fileID: 0}
  m_IsTrigger: 0
  m_Enabled: 1
  m_Radius: 0.004
  m_Height: 0.025400002
  m_Direction: 2
  m_Center: {x: 0, y: 0, z: 0}
--- !u!136 &136773950504915206
CapsuleCollider:
  m_ObjectHideFlags: 1
  m_CorrespondingSourceObject: {fileID: 0}
  m_PrefabInternal: {fileID: 100100000}
  m_GameObject: {fileID: 1744846187635302}
  m_Material: {fileID: 0}
  m_IsTrigger: 0
  m_Enabled: 1
  m_Radius: 0.004
  m_Height: 0.02611
  m_Direction: 2
  m_Center: {x: 0, y: 0, z: 0}
--- !u!136 &136781556533452060
CapsuleCollider:
  m_ObjectHideFlags: 1
  m_CorrespondingSourceObject: {fileID: 0}
  m_PrefabInternal: {fileID: 100100000}
  m_GameObject: {fileID: 1162488422704716}
  m_Material: {fileID: 0}
  m_IsTrigger: 0
  m_Enabled: 1
  m_Radius: 0.004
  m_Height: 0.039570004
  m_Direction: 2
  m_Center: {x: 0, y: 0, z: 0}
--- !u!136 &136804147460737042
CapsuleCollider:
  m_ObjectHideFlags: 1
  m_CorrespondingSourceObject: {fileID: 0}
  m_PrefabInternal: {fileID: 100100000}
  m_GameObject: {fileID: 1728128506720692}
  m_Material: {fileID: 0}
  m_IsTrigger: 0
  m_Enabled: 1
  m_Radius: 0.0205
  m_Height: 0.291
  m_Direction: 2
  m_Center: {x: 0, y: 0, z: 0}
--- !u!136 &136824065044480866
CapsuleCollider:
  m_ObjectHideFlags: 1
  m_CorrespondingSourceObject: {fileID: 0}
  m_PrefabInternal: {fileID: 100100000}
  m_GameObject: {fileID: 1532798291711018}
  m_Material: {fileID: 0}
  m_IsTrigger: 0
  m_Enabled: 1
  m_Radius: 0.004
  m_Height: 0.023960002
  m_Direction: 2
  m_Center: {x: 0, y: 0, z: 0}
--- !u!136 &136838297924446048
CapsuleCollider:
  m_ObjectHideFlags: 1
  m_CorrespondingSourceObject: {fileID: 0}
  m_PrefabInternal: {fileID: 100100000}
  m_GameObject: {fileID: 1593233950930996}
  m_Material: {fileID: 0}
  m_IsTrigger: 0
  m_Enabled: 1
  m_Radius: 0.004
  m_Height: 0.03365
  m_Direction: 2
  m_Center: {x: 0, y: 0, z: 0}
--- !u!136 &136932887243974110
CapsuleCollider:
  m_ObjectHideFlags: 1
  m_CorrespondingSourceObject: {fileID: 0}
  m_PrefabInternal: {fileID: 100100000}
  m_GameObject: {fileID: 1223892903517044}
  m_Material: {fileID: 0}
  m_IsTrigger: 0
  m_Enabled: 1
  m_Radius: 0.004
  m_Height: 0.023820002
  m_Direction: 2
  m_Center: {x: 0, y: 0, z: 0}
