%YAML 1.1
%TAG !u! tag:unity3d.com,2011:
--- !u!29 &1
OcclusionCullingSettings:
  m_ObjectHideFlags: 0
  serializedVersion: 2
  m_OcclusionBakeSettings:
    smallestOccluder: 5
    smallestHole: 0.25
    backfaceThreshold: 100
  m_SceneGUID: 00000000000000000000000000000000
  m_OcclusionCullingData: {fileID: 0}
--- !u!104 &2
RenderSettings:
  m_ObjectHideFlags: 0
  serializedVersion: 9
  m_Fog: 0
  m_FogColor: {r: 0.5, g: 0.5, b: 0.5, a: 1}
  m_FogMode: 3
  m_FogDensity: 0.01
  m_LinearFogStart: 0
  m_LinearFogEnd: 300
  m_AmbientSkyColor: {r: 0.212, g: 0.227, b: 0.259, a: 1}
  m_AmbientEquatorColor: {r: 0.114, g: 0.125, b: 0.133, a: 1}
  m_AmbientGroundColor: {r: 0.047, g: 0.043, b: 0.035, a: 1}
  m_AmbientIntensity: 1
  m_AmbientMode: 0
  m_SubtractiveShadowColor: {r: 0.42, g: 0.478, b: 0.627, a: 1}
  m_SkyboxMaterial: {fileID: 2100000, guid: 2bd8959f5fbd3644aa33af1a155fc147, type: 2}
  m_HaloStrength: 0.5
  m_FlareStrength: 1
  m_FlareFadeSpeed: 3
  m_HaloTexture: {fileID: 0}
  m_SpotCookie: {fileID: 10001, guid: 0000000000000000e000000000000000, type: 0}
  m_DefaultReflectionMode: 0
  m_DefaultReflectionResolution: 128
  m_ReflectionBounces: 1
  m_ReflectionIntensity: 1
  m_CustomReflection: {fileID: 0}
  m_Sun: {fileID: 0}
  m_IndirectSpecularColor: {r: 0.375366, g: 0.60343975, b: 0.8657874, a: 1}
  m_UseRadianceAmbientProbe: 0
--- !u!157 &3
LightmapSettings:
  m_ObjectHideFlags: 0
  serializedVersion: 11
  m_GIWorkflowMode: 0
  m_GISettings:
    serializedVersion: 2
    m_BounceScale: 1
    m_IndirectOutputScale: 1
    m_AlbedoBoost: 1
    m_TemporalCoherenceThreshold: 1
    m_EnvironmentLightingMode: 0
    m_EnableBakedLightmaps: 1
    m_EnableRealtimeLightmaps: 1
  m_LightmapEditorSettings:
    serializedVersion: 10
    m_Resolution: 2
    m_BakeResolution: 40
    m_AtlasSize: 1024
    m_AO: 0
    m_AOMaxDistance: 1
    m_CompAOExponent: 0
    m_CompAOExponentDirect: 0
    m_Padding: 2
    m_LightmapParameters: {fileID: 0}
    m_LightmapsBakeMode: 1
    m_TextureCompression: 1
    m_FinalGather: 0
    m_FinalGatherFiltering: 1
    m_FinalGatherRayCount: 1024
    m_ReflectionCompression: 2
    m_MixedBakeMode: 1
    m_BakeBackend: 0
    m_PVRSampling: 1
    m_PVRDirectSampleCount: 32
    m_PVRSampleCount: 500
    m_PVRBounces: 2
    m_PVRFilterTypeDirect: 0
    m_PVRFilterTypeIndirect: 0
    m_PVRFilterTypeAO: 0
    m_PVRFilteringMode: 0
    m_PVRCulling: 1
    m_PVRFilteringGaussRadiusDirect: 1
    m_PVRFilteringGaussRadiusIndirect: 5
    m_PVRFilteringGaussRadiusAO: 2
    m_PVRFilteringAtrousPositionSigmaDirect: 0.5
    m_PVRFilteringAtrousPositionSigmaIndirect: 2
    m_PVRFilteringAtrousPositionSigmaAO: 1
    m_ShowResolutionOverlay: 1
  m_LightingDataAsset: {fileID: 0}
  m_UseShadowmask: 0
--- !u!196 &4
NavMeshSettings:
  serializedVersion: 2
  m_ObjectHideFlags: 0
  m_BuildSettings:
    serializedVersion: 2
    agentTypeID: 0
    agentRadius: 0.5
    agentHeight: 2
    agentSlope: 45
    agentClimb: 0.4
    ledgeDropHeight: 0
    maxJumpAcrossDistance: 0
    minRegionArea: 2
    manualCellSize: 0
    cellSize: 0.16666667
    manualTileSize: 0
    tileSize: 256
    accuratePlacement: 0
    debug:
      m_Flags: 0
  m_NavMeshData: {fileID: 0}
--- !u!1001 &70558385
Prefab:
  m_ObjectHideFlags: 0
  serializedVersion: 2
  m_Modification:
    m_TransformParent: {fileID: 0}
    m_Modifications:
    - target: {fileID: 224247779322139166, guid: 3d3b19e1cca845849bf4618ef8eb99e4,
        type: 2}
      propertyPath: m_LocalPosition.x
      value: 0
      objectReference: {fileID: 0}
    - target: {fileID: 224247779322139166, guid: 3d3b19e1cca845849bf4618ef8eb99e4,
        type: 2}
      propertyPath: m_LocalPosition.y
      value: 0
      objectReference: {fileID: 0}
    - target: {fileID: 224247779322139166, guid: 3d3b19e1cca845849bf4618ef8eb99e4,
        type: 2}
      propertyPath: m_LocalPosition.z
      value: 0
      objectReference: {fileID: 0}
    - target: {fileID: 224247779322139166, guid: 3d3b19e1cca845849bf4618ef8eb99e4,
        type: 2}
      propertyPath: m_LocalRotation.x
      value: 0
      objectReference: {fileID: 0}
    - target: {fileID: 224247779322139166, guid: 3d3b19e1cca845849bf4618ef8eb99e4,
        type: 2}
      propertyPath: m_LocalRotation.y
      value: 0
      objectReference: {fileID: 0}
    - target: {fileID: 224247779322139166, guid: 3d3b19e1cca845849bf4618ef8eb99e4,
        type: 2}
      propertyPath: m_LocalRotation.z
      value: 0
      objectReference: {fileID: 0}
    - target: {fileID: 224247779322139166, guid: 3d3b19e1cca845849bf4618ef8eb99e4,
        type: 2}
      propertyPath: m_LocalRotation.w
      value: 1
      objectReference: {fileID: 0}
    - target: {fileID: 224247779322139166, guid: 3d3b19e1cca845849bf4618ef8eb99e4,
        type: 2}
      propertyPath: m_RootOrder
      value: 7
      objectReference: {fileID: 0}
    - target: {fileID: 224247779322139166, guid: 3d3b19e1cca845849bf4618ef8eb99e4,
        type: 2}
      propertyPath: m_AnchoredPosition.x
      value: 0
      objectReference: {fileID: 0}
    - target: {fileID: 224247779322139166, guid: 3d3b19e1cca845849bf4618ef8eb99e4,
        type: 2}
      propertyPath: m_AnchoredPosition.y
      value: 0
      objectReference: {fileID: 0}
    - target: {fileID: 224247779322139166, guid: 3d3b19e1cca845849bf4618ef8eb99e4,
        type: 2}
      propertyPath: m_SizeDelta.x
      value: 0
      objectReference: {fileID: 0}
    - target: {fileID: 224247779322139166, guid: 3d3b19e1cca845849bf4618ef8eb99e4,
        type: 2}
      propertyPath: m_SizeDelta.y
      value: 0
      objectReference: {fileID: 0}
    - target: {fileID: 224247779322139166, guid: 3d3b19e1cca845849bf4618ef8eb99e4,
        type: 2}
      propertyPath: m_AnchorMin.x
      value: 0
      objectReference: {fileID: 0}
    - target: {fileID: 224247779322139166, guid: 3d3b19e1cca845849bf4618ef8eb99e4,
        type: 2}
      propertyPath: m_AnchorMin.y
      value: 0
      objectReference: {fileID: 0}
    - target: {fileID: 224247779322139166, guid: 3d3b19e1cca845849bf4618ef8eb99e4,
        type: 2}
      propertyPath: m_AnchorMax.x
      value: 0
      objectReference: {fileID: 0}
    - target: {fileID: 224247779322139166, guid: 3d3b19e1cca845849bf4618ef8eb99e4,
        type: 2}
      propertyPath: m_AnchorMax.y
      value: 0
      objectReference: {fileID: 0}
    - target: {fileID: 224247779322139166, guid: 3d3b19e1cca845849bf4618ef8eb99e4,
        type: 2}
      propertyPath: m_Pivot.x
      value: 0
      objectReference: {fileID: 0}
    - target: {fileID: 224247779322139166, guid: 3d3b19e1cca845849bf4618ef8eb99e4,
        type: 2}
      propertyPath: m_Pivot.y
      value: 0
      objectReference: {fileID: 0}
    - target: {fileID: 114311908994156840, guid: 3d3b19e1cca845849bf4618ef8eb99e4,
        type: 2}
      propertyPath: play
      value: 
      objectReference: {fileID: 174778651}
    - target: {fileID: 224142292739983090, guid: 3d3b19e1cca845849bf4618ef8eb99e4,
        type: 2}
      propertyPath: m_AnchorMin.y
      value: 0
      objectReference: {fileID: 0}
    - target: {fileID: 224142292739983090, guid: 3d3b19e1cca845849bf4618ef8eb99e4,
        type: 2}
      propertyPath: m_AnchorMax.y
      value: 0
      objectReference: {fileID: 0}
    - target: {fileID: 224142292739983090, guid: 3d3b19e1cca845849bf4618ef8eb99e4,
        type: 2}
      propertyPath: m_AnchoredPosition.x
      value: 0
      objectReference: {fileID: 0}
    - target: {fileID: 224142292739983090, guid: 3d3b19e1cca845849bf4618ef8eb99e4,
        type: 2}
      propertyPath: m_AnchoredPosition.y
      value: 0
      objectReference: {fileID: 0}
    - target: {fileID: 224142292739983090, guid: 3d3b19e1cca845849bf4618ef8eb99e4,
        type: 2}
      propertyPath: m_SizeDelta.x
      value: 0
      objectReference: {fileID: 0}
    - target: {fileID: 224142292739983090, guid: 3d3b19e1cca845849bf4618ef8eb99e4,
        type: 2}
      propertyPath: m_SizeDelta.y
      value: 0
      objectReference: {fileID: 0}
    - target: {fileID: 224246415848195006, guid: 3d3b19e1cca845849bf4618ef8eb99e4,
        type: 2}
      propertyPath: m_AnchorMin.y
      value: 0
      objectReference: {fileID: 0}
    - target: {fileID: 224246415848195006, guid: 3d3b19e1cca845849bf4618ef8eb99e4,
        type: 2}
      propertyPath: m_AnchorMax.y
      value: 0
      objectReference: {fileID: 0}
    - target: {fileID: 224246415848195006, guid: 3d3b19e1cca845849bf4618ef8eb99e4,
        type: 2}
      propertyPath: m_AnchoredPosition.x
      value: 0
      objectReference: {fileID: 0}
    - target: {fileID: 224246415848195006, guid: 3d3b19e1cca845849bf4618ef8eb99e4,
        type: 2}
      propertyPath: m_AnchoredPosition.y
      value: 0
      objectReference: {fileID: 0}
    - target: {fileID: 224246415848195006, guid: 3d3b19e1cca845849bf4618ef8eb99e4,
        type: 2}
      propertyPath: m_SizeDelta.x
      value: 0
      objectReference: {fileID: 0}
    - target: {fileID: 224246415848195006, guid: 3d3b19e1cca845849bf4618ef8eb99e4,
        type: 2}
      propertyPath: m_SizeDelta.y
      value: 0
      objectReference: {fileID: 0}
    - target: {fileID: 224080043037371480, guid: 3d3b19e1cca845849bf4618ef8eb99e4,
        type: 2}
      propertyPath: m_AnchorMin.y
      value: 0
      objectReference: {fileID: 0}
    - target: {fileID: 224080043037371480, guid: 3d3b19e1cca845849bf4618ef8eb99e4,
        type: 2}
      propertyPath: m_AnchorMax.y
      value: 0
      objectReference: {fileID: 0}
    - target: {fileID: 224080043037371480, guid: 3d3b19e1cca845849bf4618ef8eb99e4,
        type: 2}
      propertyPath: m_AnchoredPosition.x
      value: 0
      objectReference: {fileID: 0}
    - target: {fileID: 224080043037371480, guid: 3d3b19e1cca845849bf4618ef8eb99e4,
        type: 2}
      propertyPath: m_AnchoredPosition.y
      value: 0
      objectReference: {fileID: 0}
    - target: {fileID: 224080043037371480, guid: 3d3b19e1cca845849bf4618ef8eb99e4,
        type: 2}
      propertyPath: m_SizeDelta.x
      value: 0
      objectReference: {fileID: 0}
    - target: {fileID: 224080043037371480, guid: 3d3b19e1cca845849bf4618ef8eb99e4,
        type: 2}
      propertyPath: m_SizeDelta.y
      value: 0
      objectReference: {fileID: 0}
    m_RemovedComponents: []
  m_SourcePrefab: {fileID: 100100000, guid: 3d3b19e1cca845849bf4618ef8eb99e4, type: 2}
  m_IsPrefabAsset: 0
--- !u!95 &70558386 stripped
Animator:
  m_CorrespondingSourceObject: {fileID: 95922351734136616, guid: 3d3b19e1cca845849bf4618ef8eb99e4,
    type: 2}
  m_PrefabInternal: {fileID: 70558385}
--- !u!95 &70558387 stripped
Animator:
  m_CorrespondingSourceObject: {fileID: 95613805831169770, guid: 3d3b19e1cca845849bf4618ef8eb99e4,
    type: 2}
  m_PrefabInternal: {fileID: 70558385}
--- !u!95 &70558388 stripped
Animator:
  m_CorrespondingSourceObject: {fileID: 95627538029578954, guid: 3d3b19e1cca845849bf4618ef8eb99e4,
    type: 2}
  m_PrefabInternal: {fileID: 70558385}
--- !u!114 &174778651 stripped
MonoBehaviour:
  m_CorrespondingSourceObject: {fileID: 114654260329158380, guid: 3f47aa1b969a9284ea515aef30e1d8ec,
    type: 2}
  m_PrefabInternal: {fileID: 1541019445}
  m_Script: {fileID: 11500000, guid: e56f260bf3bc06b488893cad0a217eb0, type: 3}
--- !u!1 &302651935 stripped
GameObject:
  m_CorrespondingSourceObject: {fileID: 1087424646699974, guid: 36abcb4f5e1199e43808ee149b44b4e5,
    type: 2}
  m_PrefabInternal: {fileID: 493162146}
--- !u!114 &330789818 stripped
MonoBehaviour:
  m_CorrespondingSourceObject: {fileID: 114253645183985374, guid: 3b491ea1a6f11a24ab623e38f397951e,
    type: 2}
  m_PrefabInternal: {fileID: 1231189229}
  m_Script: {fileID: 11500000, guid: 9559349ae39c54e40ac7fa3148abbeb8, type: 3}
--- !u!1001 &423603310
Prefab:
  m_ObjectHideFlags: 0
  serializedVersion: 2
  m_Modification:
    m_TransformParent: {fileID: 0}
    m_Modifications:
    - target: {fileID: 4480269686156344, guid: 04ad01e20d379c147a8e023108535ce5, type: 2}
      propertyPath: m_LocalPosition.x
      value: 0.000033438206
      objectReference: {fileID: 0}
    - target: {fileID: 4480269686156344, guid: 04ad01e20d379c147a8e023108535ce5, type: 2}
      propertyPath: m_LocalPosition.y
      value: 0
      objectReference: {fileID: 0}
    - target: {fileID: 4480269686156344, guid: 04ad01e20d379c147a8e023108535ce5, type: 2}
      propertyPath: m_LocalPosition.z
      value: -0.008132776
      objectReference: {fileID: 0}
    - target: {fileID: 4480269686156344, guid: 04ad01e20d379c147a8e023108535ce5, type: 2}
      propertyPath: m_LocalRotation.x
      value: -0
      objectReference: {fileID: 0}
    - target: {fileID: 4480269686156344, guid: 04ad01e20d379c147a8e023108535ce5, type: 2}
      propertyPath: m_LocalRotation.y
      value: -0
      objectReference: {fileID: 0}
    - target: {fileID: 4480269686156344, guid: 04ad01e20d379c147a8e023108535ce5, type: 2}
      propertyPath: m_LocalRotation.z
      value: -0
      objectReference: {fileID: 0}
    - target: {fileID: 4480269686156344, guid: 04ad01e20d379c147a8e023108535ce5, type: 2}
      propertyPath: m_LocalRotation.w
      value: 1
      objectReference: {fileID: 0}
    - target: {fileID: 4480269686156344, guid: 04ad01e20d379c147a8e023108535ce5, type: 2}
      propertyPath: m_RootOrder
      value: 3
      objectReference: {fileID: 0}
    m_RemovedComponents: []
  m_SourcePrefab: {fileID: 100100000, guid: 04ad01e20d379c147a8e023108535ce5, type: 2}
  m_IsPrefabAsset: 0
--- !u!1001 &493162146
Prefab:
  m_ObjectHideFlags: 0
  serializedVersion: 2
  m_Modification:
    m_TransformParent: {fileID: 0}
    m_Modifications:
    - target: {fileID: 224088879078174060, guid: 36abcb4f5e1199e43808ee149b44b4e5,
        type: 2}
      propertyPath: m_LocalPosition.x
      value: 0
      objectReference: {fileID: 0}
    - target: {fileID: 224088879078174060, guid: 36abcb4f5e1199e43808ee149b44b4e5,
        type: 2}
      propertyPath: m_LocalPosition.y
      value: 0
      objectReference: {fileID: 0}
    - target: {fileID: 224088879078174060, guid: 36abcb4f5e1199e43808ee149b44b4e5,
        type: 2}
      propertyPath: m_LocalPosition.z
      value: 0
      objectReference: {fileID: 0}
    - target: {fileID: 224088879078174060, guid: 36abcb4f5e1199e43808ee149b44b4e5,
        type: 2}
      propertyPath: m_LocalRotation.x
      value: 0
      objectReference: {fileID: 0}
    - target: {fileID: 224088879078174060, guid: 36abcb4f5e1199e43808ee149b44b4e5,
        type: 2}
      propertyPath: m_LocalRotation.y
      value: 0
      objectReference: {fileID: 0}
    - target: {fileID: 224088879078174060, guid: 36abcb4f5e1199e43808ee149b44b4e5,
        type: 2}
      propertyPath: m_LocalRotation.z
      value: 0
      objectReference: {fileID: 0}
    - target: {fileID: 224088879078174060, guid: 36abcb4f5e1199e43808ee149b44b4e5,
        type: 2}
      propertyPath: m_LocalRotation.w
      value: 1
      objectReference: {fileID: 0}
    - target: {fileID: 224088879078174060, guid: 36abcb4f5e1199e43808ee149b44b4e5,
        type: 2}
      propertyPath: m_RootOrder
      value: 7
      objectReference: {fileID: 0}
    - target: {fileID: 224088879078174060, guid: 36abcb4f5e1199e43808ee149b44b4e5,
        type: 2}
      propertyPath: m_AnchoredPosition.x
      value: 0
      objectReference: {fileID: 0}
    - target: {fileID: 224088879078174060, guid: 36abcb4f5e1199e43808ee149b44b4e5,
        type: 2}
      propertyPath: m_AnchoredPosition.y
      value: 0
      objectReference: {fileID: 0}
    - target: {fileID: 224088879078174060, guid: 36abcb4f5e1199e43808ee149b44b4e5,
        type: 2}
      propertyPath: m_SizeDelta.x
      value: 0
      objectReference: {fileID: 0}
    - target: {fileID: 224088879078174060, guid: 36abcb4f5e1199e43808ee149b44b4e5,
        type: 2}
      propertyPath: m_SizeDelta.y
      value: 0
      objectReference: {fileID: 0}
    - target: {fileID: 224088879078174060, guid: 36abcb4f5e1199e43808ee149b44b4e5,
        type: 2}
      propertyPath: m_AnchorMin.x
      value: 0
      objectReference: {fileID: 0}
    - target: {fileID: 224088879078174060, guid: 36abcb4f5e1199e43808ee149b44b4e5,
        type: 2}
      propertyPath: m_AnchorMin.y
      value: 0
      objectReference: {fileID: 0}
    - target: {fileID: 224088879078174060, guid: 36abcb4f5e1199e43808ee149b44b4e5,
        type: 2}
      propertyPath: m_AnchorMax.x
      value: 0
      objectReference: {fileID: 0}
    - target: {fileID: 224088879078174060, guid: 36abcb4f5e1199e43808ee149b44b4e5,
        type: 2}
      propertyPath: m_AnchorMax.y
      value: 0
      objectReference: {fileID: 0}
    - target: {fileID: 224088879078174060, guid: 36abcb4f5e1199e43808ee149b44b4e5,
        type: 2}
      propertyPath: m_Pivot.x
      value: 0
      objectReference: {fileID: 0}
    - target: {fileID: 224088879078174060, guid: 36abcb4f5e1199e43808ee149b44b4e5,
        type: 2}
      propertyPath: m_Pivot.y
      value: 0
      objectReference: {fileID: 0}
    - target: {fileID: 114422982588713180, guid: 36abcb4f5e1199e43808ee149b44b4e5,
        type: 2}
      propertyPath: m_OnClick.m_PersistentCalls.m_Calls.Array.data[0].m_Target
      value: 
      objectReference: {fileID: 330789818}
    - target: {fileID: 114418337901838974, guid: 36abcb4f5e1199e43808ee149b44b4e5,
        type: 2}
      propertyPath: m_OnClick.m_PersistentCalls.m_Calls.Array.data[0].m_Target
      value: 
      objectReference: {fileID: 330789818}
    - target: {fileID: 114394029612423736, guid: 36abcb4f5e1199e43808ee149b44b4e5,
        type: 2}
      propertyPath: m_OnClick.m_PersistentCalls.m_Calls.Array.data[0].m_Target
      value: 
      objectReference: {fileID: 330789818}
    - target: {fileID: 114297588842216554, guid: 36abcb4f5e1199e43808ee149b44b4e5,
        type: 2}
      propertyPath: m_OnClick.m_PersistentCalls.m_Calls.Array.data[0].m_Target
      value: 
      objectReference: {fileID: 330789818}
    - target: {fileID: 114236666334503074, guid: 36abcb4f5e1199e43808ee149b44b4e5,
        type: 2}
      propertyPath: m_OnClick.m_PersistentCalls.m_Calls.Array.data[0].m_Target
      value: 
      objectReference: {fileID: 330789818}
    - target: {fileID: 114110286682517248, guid: 36abcb4f5e1199e43808ee149b44b4e5,
        type: 2}
      propertyPath: m_OnClick.m_PersistentCalls.m_Calls.Array.data[0].m_Target
      value: 
      objectReference: {fileID: 330789818}
    - target: {fileID: 224637959113023202, guid: 36abcb4f5e1199e43808ee149b44b4e5,
        type: 2}
      propertyPath: m_AnchoredPosition.x
      value: -4.2999268
      objectReference: {fileID: 0}
    - target: {fileID: 224590176142960364, guid: 36abcb4f5e1199e43808ee149b44b4e5,
        type: 2}
      propertyPath: m_AnchoredPosition.x
      value: -9.317383
      objectReference: {fileID: 0}
    - target: {fileID: 224590176142960364, guid: 36abcb4f5e1199e43808ee149b44b4e5,
        type: 2}
      propertyPath: m_AnchoredPosition.y
      value: -7.0040016
      objectReference: {fileID: 0}
    - target: {fileID: 224716522249892646, guid: 36abcb4f5e1199e43808ee149b44b4e5,
        type: 2}
      propertyPath: m_AnchoredPosition.y
      value: 1.7998505
      objectReference: {fileID: 0}
    - target: {fileID: 224573990456335132, guid: 36abcb4f5e1199e43808ee149b44b4e5,
        type: 2}
      propertyPath: m_AnchoredPosition.y
      value: 3.0498657
      objectReference: {fileID: 0}
    - target: {fileID: 114297588842216554, guid: 36abcb4f5e1199e43808ee149b44b4e5,
        type: 2}
      propertyPath: m_OnClick.m_PersistentCalls.m_Calls.Array.data[0].m_MethodName
      value: hideWinMenu
      objectReference: {fileID: 0}
    m_RemovedComponents: []
  m_SourcePrefab: {fileID: 100100000, guid: 36abcb4f5e1199e43808ee149b44b4e5, type: 2}
  m_IsPrefabAsset: 0
--- !u!1 &493162147 stripped
GameObject:
  m_CorrespondingSourceObject: {fileID: 1209082092277472, guid: 36abcb4f5e1199e43808ee149b44b4e5,
    type: 2}
  m_PrefabInternal: {fileID: 493162146}
--- !u!114 &493162148 stripped
MonoBehaviour:
  m_CorrespondingSourceObject: {fileID: 114198370997183094, guid: 36abcb4f5e1199e43808ee149b44b4e5,
    type: 2}
  m_PrefabInternal: {fileID: 493162146}
  m_Script: {fileID: 708705254, guid: f70555f144d8491a825f0804e09c671c, type: 3}
--- !u!1 &493162149 stripped
GameObject:
  m_CorrespondingSourceObject: {fileID: 1318957355623868, guid: 36abcb4f5e1199e43808ee149b44b4e5,
    type: 2}
  m_PrefabInternal: {fileID: 493162146}
--- !u!1 &648052133 stripped
GameObject:
  m_CorrespondingSourceObject: {fileID: 1066965899503166, guid: 36abcb4f5e1199e43808ee149b44b4e5,
    type: 2}
  m_PrefabInternal: {fileID: 493162146}
--- !u!114 &716947861 stripped
MonoBehaviour:
  m_CorrespondingSourceObject: {fileID: 114180181980218030, guid: 3d3b19e1cca845849bf4618ef8eb99e4,
    type: 2}
  m_PrefabInternal: {fileID: 70558385}
  m_Script: {fileID: 11500000, guid: edaec349b66a8174ca79388a56f17361, type: 3}
--- !u!114 &867586561 stripped
MonoBehaviour:
  m_CorrespondingSourceObject: {fileID: 114729251604614068, guid: 36abcb4f5e1199e43808ee149b44b4e5,
    type: 2}
  m_PrefabInternal: {fileID: 493162146}
  m_Script: {fileID: 708705254, guid: f70555f144d8491a825f0804e09c671c, type: 3}
--- !u!1001 &1231189229
Prefab:
  m_ObjectHideFlags: 0
  serializedVersion: 2
  m_Modification:
    m_TransformParent: {fileID: 0}
    m_Modifications:
    - target: {fileID: 4550059830676124, guid: 3b491ea1a6f11a24ab623e38f397951e, type: 2}
      propertyPath: m_LocalPosition.x
      value: 0
      objectReference: {fileID: 0}
    - target: {fileID: 4550059830676124, guid: 3b491ea1a6f11a24ab623e38f397951e, type: 2}
      propertyPath: m_LocalPosition.y
      value: 0
      objectReference: {fileID: 0}
    - target: {fileID: 4550059830676124, guid: 3b491ea1a6f11a24ab623e38f397951e, type: 2}
      propertyPath: m_LocalPosition.z
      value: 0
      objectReference: {fileID: 0}
    - target: {fileID: 4550059830676124, guid: 3b491ea1a6f11a24ab623e38f397951e, type: 2}
      propertyPath: m_LocalRotation.x
      value: -0
      objectReference: {fileID: 0}
    - target: {fileID: 4550059830676124, guid: 3b491ea1a6f11a24ab623e38f397951e, type: 2}
      propertyPath: m_LocalRotation.y
      value: -0
      objectReference: {fileID: 0}
    - target: {fileID: 4550059830676124, guid: 3b491ea1a6f11a24ab623e38f397951e, type: 2}
      propertyPath: m_LocalRotation.z
      value: -0
      objectReference: {fileID: 0}
    - target: {fileID: 4550059830676124, guid: 3b491ea1a6f11a24ab623e38f397951e, type: 2}
      propertyPath: m_LocalRotation.w
      value: 1
      objectReference: {fileID: 0}
    - target: {fileID: 4550059830676124, guid: 3b491ea1a6f11a24ab623e38f397951e, type: 2}
      propertyPath: m_RootOrder
      value: 6
      objectReference: {fileID: 0}
    - target: {fileID: 114253645183985374, guid: 3b491ea1a6f11a24ab623e38f397951e,
        type: 2}
      propertyPath: pausePanel
      value: 
      objectReference: {fileID: 493162149}
    - target: {fileID: 114253645183985374, guid: 3b491ea1a6f11a24ab623e38f397951e,
        type: 2}
      propertyPath: winPanel
      value: 
      objectReference: {fileID: 302651935}
    - target: {fileID: 114253645183985374, guid: 3b491ea1a6f11a24ab623e38f397951e,
        type: 2}
      propertyPath: greetingsText
      value: 
      objectReference: {fileID: 493162148}
    - target: {fileID: 114253645183985374, guid: 3b491ea1a6f11a24ab623e38f397951e,
        type: 2}
      propertyPath: defeatPanel
      value: 
      objectReference: {fileID: 493162147}
    - target: {fileID: 114253645183985374, guid: 3b491ea1a6f11a24ab623e38f397951e,
        type: 2}
      propertyPath: defeatText
      value: 
      objectReference: {fileID: 867586561}
    - target: {fileID: 114253645183985374, guid: 3b491ea1a6f11a24ab623e38f397951e,
        type: 2}
      propertyPath: endPanel
      value: 
      objectReference: {fileID: 648052133}
    - target: {fileID: 114253645183985374, guid: 3b491ea1a6f11a24ab623e38f397951e,
        type: 2}
      propertyPath: player
      value: 
      objectReference: {fileID: 1355531654}
    - target: {fileID: 82486050895756068, guid: 3b491ea1a6f11a24ab623e38f397951e,
        type: 2}
      propertyPath: m_audioClip
      value: 
      objectReference: {fileID: 8300000, guid: fb1da8494273f4d45aded08e61589b28, type: 3}
    m_RemovedComponents: []
  m_SourcePrefab: {fileID: 100100000, guid: 3b491ea1a6f11a24ab623e38f397951e, type: 2}
  m_IsPrefabAsset: 0
--- !u!114 &1236818620 stripped
MonoBehaviour:
  m_CorrespondingSourceObject: {fileID: 114679075836267534, guid: 3d3b19e1cca845849bf4618ef8eb99e4,
    type: 2}
  m_PrefabInternal: {fileID: 70558385}
  m_Script: {fileID: 11500000, guid: edaec349b66a8174ca79388a56f17361, type: 3}
--- !u!1 &1327623272
GameObject:
  m_ObjectHideFlags: 0
  m_CorrespondingSourceObject: {fileID: 0}
  m_PrefabInternal: {fileID: 0}
  serializedVersion: 6
  m_Component:
  - component: {fileID: 1327623273}
  - component: {fileID: 1327623274}
  m_Layer: 0
  m_Name: RoadManager
  m_TagString: Untagged
  m_Icon: {fileID: 0}
  m_NavMeshLayer: 0
  m_StaticEditorFlags: 0
  m_IsActive: 1
--- !u!4 &1327623273
Transform:
  m_ObjectHideFlags: 0
  m_CorrespondingSourceObject: {fileID: 0}
  m_PrefabInternal: {fileID: 0}
  m_GameObject: {fileID: 1327623272}
  m_LocalRotation: {x: 0, y: 0, z: 0, w: 1}
  m_LocalPosition: {x: 0, y: 0, z: 0}
  m_LocalScale: {x: 1, y: 1, z: 1}
  m_Children: []
  m_Father: {fileID: 0}
  m_RootOrder: 4
  m_LocalEulerAnglesHint: {x: 0, y: 0, z: 0}
--- !u!114 &1327623274
MonoBehaviour:
  m_ObjectHideFlags: 0
  m_CorrespondingSourceObject: {fileID: 0}
  m_PrefabInternal: {fileID: 0}
  m_GameObject: {fileID: 1327623272}
  m_Enabled: 1
  m_EditorHideFlags: 0
  m_Script: {fileID: 11500000, guid: d152edd31b10e0542a95890dd21ea93a, type: 3}
  m_Name: 
  m_EditorClassIdentifier: 
  prefabs:
  - {fileID: 1402028525732984, guid: 04ad01e20d379c147a8e023108535ce5, type: 2}
  - {fileID: 1402028525732984, guid: 9243c4e31583c2d4e9820cdb09485854, type: 2}
--- !u!1 &1355531654 stripped
GameObject:
  m_CorrespondingSourceObject: {fileID: 1425781072835794, guid: 3f47aa1b969a9284ea515aef30e1d8ec,
    type: 2}
  m_PrefabInternal: {fileID: 1541019445}
--- !u!1 &1529463013
GameObject:
  m_ObjectHideFlags: 0
  m_CorrespondingSourceObject: {fileID: 0}
  m_PrefabInternal: {fileID: 0}
  serializedVersion: 6
  m_Component:
  - component: {fileID: 1529463016}
  - component: {fileID: 1529463015}
  - component: {fileID: 1529463014}
  m_Layer: 0
  m_Name: EventSystem
  m_TagString: Untagged
  m_Icon: {fileID: 0}
  m_NavMeshLayer: 0
  m_StaticEditorFlags: 0
  m_IsActive: 1
--- !u!114 &1529463014
MonoBehaviour:
  m_ObjectHideFlags: 0
  m_CorrespondingSourceObject: {fileID: 0}
  m_PrefabInternal: {fileID: 0}
  m_GameObject: {fileID: 1529463013}
  m_Enabled: 1
  m_EditorHideFlags: 0
  m_Script: {fileID: 1077351063, guid: f70555f144d8491a825f0804e09c671c, type: 3}
  m_Name: 
  m_EditorClassIdentifier: 
  m_HorizontalAxis: Horizontal
  m_VerticalAxis: Vertical
  m_SubmitButton: Submit
  m_CancelButton: Cancel
  m_InputActionsPerSecond: 10
  m_RepeatDelay: 0.5
  m_ForceModuleActive: 0
--- !u!114 &1529463015
MonoBehaviour:
  m_ObjectHideFlags: 0
  m_CorrespondingSourceObject: {fileID: 0}
  m_PrefabInternal: {fileID: 0}
  m_GameObject: {fileID: 1529463013}
  m_Enabled: 1
  m_EditorHideFlags: 0
  m_Script: {fileID: -619905303, guid: f70555f144d8491a825f0804e09c671c, type: 3}
  m_Name: 
  m_EditorClassIdentifier: 
  m_FirstSelected: {fileID: 0}
  m_sendNavigationEvents: 1
  m_DragThreshold: 10
--- !u!4 &1529463016
Transform:
  m_ObjectHideFlags: 0
  m_CorrespondingSourceObject: {fileID: 0}
  m_PrefabInternal: {fileID: 0}
  m_GameObject: {fileID: 1529463013}
  m_LocalRotation: {x: 0, y: 0, z: 0, w: 1}
  m_LocalPosition: {x: 0, y: 0, z: 0}
  m_LocalScale: {x: 1, y: 1, z: 1}
  m_Children: []
  m_Father: {fileID: 0}
  m_RootOrder: 5
  m_LocalEulerAnglesHint: {x: 0, y: 0, z: 0}
--- !u!1001 &1541019445
Prefab:
  m_ObjectHideFlags: 0
  serializedVersion: 2
  m_Modification:
    m_TransformParent: {fileID: 0}
    m_Modifications:
    - target: {fileID: 4965399732930922, guid: 3f47aa1b969a9284ea515aef30e1d8ec, type: 2}
      propertyPath: m_LocalPosition.x
      value: 1
      objectReference: {fileID: 0}
    - target: {fileID: 4965399732930922, guid: 3f47aa1b969a9284ea515aef30e1d8ec, type: 2}
      propertyPath: m_LocalPosition.y
      value: 0.675
      objectReference: {fileID: 0}
    - target: {fileID: 4965399732930922, guid: 3f47aa1b969a9284ea515aef30e1d8ec, type: 2}
      propertyPath: m_LocalPosition.z
      value: -24
      objectReference: {fileID: 0}
    - target: {fileID: 4965399732930922, guid: 3f47aa1b969a9284ea515aef30e1d8ec, type: 2}
      propertyPath: m_LocalRotation.x
      value: 0
      objectReference: {fileID: 0}
    - target: {fileID: 4965399732930922, guid: 3f47aa1b969a9284ea515aef30e1d8ec, type: 2}
      propertyPath: m_LocalRotation.y
      value: 0
      objectReference: {fileID: 0}
    - target: {fileID: 4965399732930922, guid: 3f47aa1b969a9284ea515aef30e1d8ec, type: 2}
      propertyPath: m_LocalRotation.z
      value: 0
      objectReference: {fileID: 0}
    - target: {fileID: 4965399732930922, guid: 3f47aa1b969a9284ea515aef30e1d8ec, type: 2}
      propertyPath: m_LocalRotation.w
      value: 1
      objectReference: {fileID: 0}
    - target: {fileID: 4965399732930922, guid: 3f47aa1b969a9284ea515aef30e1d8ec, type: 2}
      propertyPath: m_RootOrder
      value: 8
      objectReference: {fileID: 0}
    - target: {fileID: 114654260329158380, guid: 3f47aa1b969a9284ea515aef30e1d8ec,
        type: 2}
      propertyPath: damageTakenAnimator
      value: 
      objectReference: {fileID: 1653483616}
    - target: {fileID: 114654260329158380, guid: 3f47aa1b969a9284ea515aef30e1d8ec,
        type: 2}
      propertyPath: healingAnimator
      value: 
      objectReference: {fileID: 1653483615}
    - target: {fileID: 114654260329158380, guid: 3f47aa1b969a9284ea515aef30e1d8ec,
        type: 2}
      propertyPath: xp.bar
      value: 
      objectReference: {fileID: 716947861}
    - target: {fileID: 114654260329158380, guid: 3f47aa1b969a9284ea515aef30e1d8ec,
        type: 2}
      propertyPath: mana.bar
      value: 
      objectReference: {fileID: 1782912186}
    - target: {fileID: 114654260329158380, guid: 3f47aa1b969a9284ea515aef30e1d8ec,
        type: 2}
      propertyPath: health.bar
      value: 
      objectReference: {fileID: 1236818620}
    - target: {fileID: 23916357999740740, guid: 3f47aa1b969a9284ea515aef30e1d8ec,
        type: 2}
      propertyPath: m_Materials.Array.data[0]
      value: 
      objectReference: {fileID: 2100000, guid: 653dd224df0a25847b7309b325593182, type: 2}
    m_RemovedComponents: []
  m_SourcePrefab: {fileID: 100100000, guid: 3f47aa1b969a9284ea515aef30e1d8ec, type: 2}
  m_IsPrefabAsset: 0
--- !u!1001 &1653483614
Prefab:
  m_ObjectHideFlags: 0
  serializedVersion: 2
  m_Modification:
    m_TransformParent: {fileID: 0}
    m_Modifications:
    - target: {fileID: 224931416789405204, guid: 96f3f365a54b13f4d83570b27ea1f5c5,
        type: 2}
      propertyPath: m_RootOrder
      value: 1
      objectReference: {fileID: 0}
    - target: {fileID: 224931416789405204, guid: 96f3f365a54b13f4d83570b27ea1f5c5,
        type: 2}
      propertyPath: m_LocalPosition.x
      value: 0
      objectReference: {fileID: 0}
    - target: {fileID: 224931416789405204, guid: 96f3f365a54b13f4d83570b27ea1f5c5,
        type: 2}
      propertyPath: m_LocalPosition.y
      value: 0
      objectReference: {fileID: 0}
    - target: {fileID: 224931416789405204, guid: 96f3f365a54b13f4d83570b27ea1f5c5,
        type: 2}
      propertyPath: m_LocalPosition.z
      value: 0
      objectReference: {fileID: 0}
    - target: {fileID: 224931416789405204, guid: 96f3f365a54b13f4d83570b27ea1f5c5,
        type: 2}
      propertyPath: m_LocalRotation.x
      value: 0
      objectReference: {fileID: 0}
    - target: {fileID: 224931416789405204, guid: 96f3f365a54b13f4d83570b27ea1f5c5,
        type: 2}
      propertyPath: m_LocalRotation.y
      value: 0
      objectReference: {fileID: 0}
    - target: {fileID: 224931416789405204, guid: 96f3f365a54b13f4d83570b27ea1f5c5,
        type: 2}
      propertyPath: m_LocalRotation.z
      value: 0
      objectReference: {fileID: 0}
    - target: {fileID: 224931416789405204, guid: 96f3f365a54b13f4d83570b27ea1f5c5,
        type: 2}
      propertyPath: m_LocalRotation.w
      value: 1
      objectReference: {fileID: 0}
    - target: {fileID: 224931416789405204, guid: 96f3f365a54b13f4d83570b27ea1f5c5,
        type: 2}
      propertyPath: m_RootOrder
      value: 1
      objectReference: {fileID: 0}
    - target: {fileID: 224931416789405204, guid: 96f3f365a54b13f4d83570b27ea1f5c5,
        type: 2}
      propertyPath: m_AnchoredPosition.x
      value: 0
      objectReference: {fileID: 0}
    - target: {fileID: 224931416789405204, guid: 96f3f365a54b13f4d83570b27ea1f5c5,
        type: 2}
      propertyPath: m_AnchoredPosition.y
      value: 0
      objectReference: {fileID: 0}
    - target: {fileID: 224931416789405204, guid: 96f3f365a54b13f4d83570b27ea1f5c5,
        type: 2}
      propertyPath: m_SizeDelta.x
      value: 0
      objectReference: {fileID: 0}
    - target: {fileID: 224931416789405204, guid: 96f3f365a54b13f4d83570b27ea1f5c5,
        type: 2}
      propertyPath: m_SizeDelta.y
      value: 0
      objectReference: {fileID: 0}
    - target: {fileID: 224931416789405204, guid: 96f3f365a54b13f4d83570b27ea1f5c5,
        type: 2}
      propertyPath: m_AnchorMin.x
      value: 0
      objectReference: {fileID: 0}
    - target: {fileID: 224931416789405204, guid: 96f3f365a54b13f4d83570b27ea1f5c5,
        type: 2}
      propertyPath: m_AnchorMin.y
      value: 0
      objectReference: {fileID: 0}
    - target: {fileID: 224931416789405204, guid: 96f3f365a54b13f4d83570b27ea1f5c5,
        type: 2}
      propertyPath: m_AnchorMax.x
      value: 0
      objectReference: {fileID: 0}
    - target: {fileID: 224931416789405204, guid: 96f3f365a54b13f4d83570b27ea1f5c5,
        type: 2}
      propertyPath: m_AnchorMax.y
      value: 0
      objectReference: {fileID: 0}
    - target: {fileID: 224931416789405204, guid: 96f3f365a54b13f4d83570b27ea1f5c5,
        type: 2}
      propertyPath: m_Pivot.x
      value: 0
      objectReference: {fileID: 0}
    - target: {fileID: 224931416789405204, guid: 96f3f365a54b13f4d83570b27ea1f5c5,
        type: 2}
      propertyPath: m_Pivot.y
      value: 0
      objectReference: {fileID: 0}
    m_RemovedComponents: []
  m_SourcePrefab: {fileID: 100100000, guid: 96f3f365a54b13f4d83570b27ea1f5c5, type: 2}
  m_IsPrefabAsset: 0
--- !u!95 &1653483615 stripped
Animator:
  m_CorrespondingSourceObject: {fileID: 95598723295618018, guid: 96f3f365a54b13f4d83570b27ea1f5c5,
    type: 2}
  m_PrefabInternal: {fileID: 1653483614}
--- !u!95 &1653483616 stripped
Animator:
  m_CorrespondingSourceObject: {fileID: 95158691537331706, guid: 96f3f365a54b13f4d83570b27ea1f5c5,
    type: 2}
  m_PrefabInternal: {fileID: 1653483614}
--- !u!114 &1782912186 stripped
MonoBehaviour:
  m_CorrespondingSourceObject: {fileID: 114343989633433082, guid: 3d3b19e1cca845849bf4618ef8eb99e4,
    type: 2}
  m_PrefabInternal: {fileID: 70558385}
  m_Script: {fileID: 11500000, guid: edaec349b66a8174ca79388a56f17361, type: 3}
--- !u!1001 &1851593766
Prefab:
  m_ObjectHideFlags: 0
  serializedVersion: 2
  m_Modification:
    m_TransformParent: {fileID: 0}
    m_Modifications:
    - target: {fileID: 4797512509449544, guid: bfb0fa5536f9390408b0ddd975538a9f, type: 2}
      propertyPath: m_LocalPosition.x
      value: 653.11816
      objectReference: {fileID: 0}
    - target: {fileID: 4797512509449544, guid: bfb0fa5536f9390408b0ddd975538a9f, type: 2}
      propertyPath: m_LocalPosition.y
      value: 396.54495
      objectReference: {fileID: 0}
    - target: {fileID: 4797512509449544, guid: bfb0fa5536f9390408b0ddd975538a9f, type: 2}
      propertyPath: m_LocalPosition.z
      value: 16.993433
      objectReference: {fileID: 0}
    - target: {fileID: 4797512509449544, guid: bfb0fa5536f9390408b0ddd975538a9f, type: 2}
      propertyPath: m_LocalRotation.x
      value: 0
      objectReference: {fileID: 0}
    - target: {fileID: 4797512509449544, guid: bfb0fa5536f9390408b0ddd975538a9f, type: 2}
      propertyPath: m_LocalRotation.y
      value: 0
      objectReference: {fileID: 0}
    - target: {fileID: 4797512509449544, guid: bfb0fa5536f9390408b0ddd975538a9f, type: 2}
      propertyPath: m_LocalRotation.z
      value: 0
      objectReference: {fileID: 0}
    - target: {fileID: 4797512509449544, guid: bfb0fa5536f9390408b0ddd975538a9f, type: 2}
      propertyPath: m_LocalRotation.w
      value: 1
      objectReference: {fileID: 0}
    - target: {fileID: 4797512509449544, guid: bfb0fa5536f9390408b0ddd975538a9f, type: 2}
      propertyPath: m_RootOrder
      value: 9
      objectReference: {fileID: 0}
    - target: {fileID: 114731007865559008, guid: bfb0fa5536f9390408b0ddd975538a9f,
        type: 2}
      propertyPath: healAnimator
      value: 
      objectReference: {fileID: 70558388}
    - target: {fileID: 114731007865559008, guid: bfb0fa5536f9390408b0ddd975538a9f,
        type: 2}
      propertyPath: energyAnimator
      value: 
      objectReference: {fileID: 70558387}
    - target: {fileID: 114731007865559008, guid: bfb0fa5536f9390408b0ddd975538a9f,
        type: 2}
      propertyPath: powerAnimator
      value: 
      objectReference: {fileID: 70558386}
    m_RemovedComponents: []
  m_SourcePrefab: {fileID: 100100000, guid: bfb0fa5536f9390408b0ddd975538a9f, type: 2}
  m_IsPrefabAsset: 0
--- !u!1 &1966885502
GameObject:
  m_ObjectHideFlags: 0
  m_CorrespondingSourceObject: {fileID: 0}
  m_PrefabInternal: {fileID: 0}
  serializedVersion: 6
  m_Component:
  - component: {fileID: 1966885504}
  - component: {fileID: 1966885503}
  m_Layer: 0
  m_Name: Directional Light
  m_TagString: Untagged
  m_Icon: {fileID: 0}
  m_NavMeshLayer: 0
  m_StaticEditorFlags: 0
  m_IsActive: 1
--- !u!108 &1966885503
Light:
  m_ObjectHideFlags: 0
  m_CorrespondingSourceObject: {fileID: 0}
  m_PrefabInternal: {fileID: 0}
  m_GameObject: {fileID: 1966885502}
  m_Enabled: 1
  serializedVersion: 8
  m_Type: 1
  m_Color: {r: 1, g: 0.95686275, b: 0.8392157, a: 1}
  m_Intensity: 1
  m_Range: 10
  m_SpotAngle: 30
  m_CookieSize: 10
  m_Shadows:
    m_Type: 2
    m_Resolution: -1
    m_CustomResolution: -1
    m_Strength: 1
    m_Bias: 0.05
    m_NormalBias: 0.4
    m_NearPlane: 0.2
  m_Cookie: {fileID: 0}
  m_DrawHalo: 0
  m_Flare: {fileID: 0}
  m_RenderMode: 0
  m_CullingMask:
    serializedVersion: 2
    m_Bits: 4294967295
  m_Lightmapping: 4
  m_LightShadowCasterMode: 0
  m_AreaSize: {x: 1, y: 1}
  m_BounceIntensity: 1
  m_ColorTemperature: 6570
  m_UseColorTemperature: 0
  m_ShadowRadius: 0
  m_ShadowAngle: 0
--- !u!4 &1966885504
Transform:
  m_ObjectHideFlags: 0
  m_CorrespondingSourceObject: {fileID: 0}
  m_PrefabInternal: {fileID: 0}
  m_GameObject: {fileID: 1966885502}
  m_LocalRotation: {x: 0.40821794, y: -0.23456973, z: 0.109381676, w: 0.87542605}
  m_LocalPosition: {x: 0, y: 3, z: 0}
  m_LocalScale: {x: 1, y: 1, z: 1}
  m_Children: []
  m_Father: {fileID: 0}
  m_RootOrder: 2
  m_LocalEulerAnglesHint: {x: 0, y: 0, z: 0}
