%YAML 1.1
%TAG !u! tag:unity3d.com,2011:
--- !u!1001 &100100000
Prefab:
  m_ObjectHideFlags: 1
  serializedVersion: 2
  m_Modification:
    m_TransformParent: {fileID: 0}
    m_Modifications: []
    m_RemovedComponents: []
  m_SourcePrefab: {fileID: 0}
  m_RootGameObject: {fileID: 1922835491699962}
  m_IsPrefabAsset: 1
--- !u!1 &1922835491699962
GameObject:
  m_ObjectHideFlags: 0
  m_CorrespondingSourceObject: {fileID: 0}
  m_PrefabInternal: {fileID: 100100000}
  serializedVersion: 6
  m_Component:
  - component: {fileID: 4340427727071240}
  - component: {fileID: 114747522829855834}
  - component: {fileID: 114473759154715078}
  - component: {fileID: 114138683362102660}
  - component: {fileID: 114488990773904968}
  - component: {fileID: 114827975441333376}
  - component: {fileID: 114256549954991700}
  - component: {fileID: 114633024576381120}
  - component: {fileID: 114369851206990740}
  - component: {fileID: 114519653337343086}
  - component: {fileID: 114707748569809716}
  - component: {fileID: 114607007759658634}
  - component: {fileID: 114895916506842670}
  m_Layer: 10
  m_Name: HandPositionManagerPotion
  m_TagString: Untagged
  m_Icon: {fileID: 0}
  m_NavMeshLayer: 0
  m_StaticEditorFlags: 0
  m_IsActive: 1
--- !u!4 &4340427727071240
Transform:
  m_ObjectHideFlags: 1
  m_CorrespondingSourceObject: {fileID: 0}
  m_PrefabInternal: {fileID: 100100000}
  m_GameObject: {fileID: 1922835491699962}
  m_LocalRotation: {x: -0, y: -0, z: -0, w: 1}
  m_LocalPosition: {x: 1, y: 0.9750001, z: -24.3}
  m_LocalScale: {x: 1, y: 1, z: 1}
  m_Children: []
  m_Father: {fileID: 0}
  m_RootOrder: 0
  m_LocalEulerAnglesHint: {x: 0, y: 0, z: 0}
--- !u!114 &114138683362102660
MonoBehaviour:
  m_ObjectHideFlags: 1
  m_CorrespondingSourceObject: {fileID: 0}
  m_PrefabInternal: {fileID: 100100000}
  m_GameObject: {fileID: 1922835491699962}
  m_Enabled: 1
  m_EditorHideFlags: 0
  m_Script: {fileID: 11500000, guid: 6b77174815b904166ad047382f534c36, type: 3}
  m_Name: 
  m_EditorClassIdentifier: 
  OnActivate:
    m_PersistentCalls:
      m_Calls: []
    m_TypeName: UnityEngine.Events.UnityEvent, UnityEngine.CoreModule, Version=0.0.0.0,
      Culture=neutral, PublicKeyToken=null
  OnDeactivate:
    m_PersistentCalls:
      m_Calls: []
    m_TypeName: UnityEngine.Events.UnityEvent, UnityEngine.CoreModule, Version=0.0.0.0,
      Culture=neutral, PublicKeyToken=null
  Period: 0.1
  HandModel: {fileID: 0}
  FingerName: 1
  PointingType: 0
  PointingDirection: {x: 0, y: 0, z: 1}
  TargetObject: {fileID: 0}
  OnAngle: 15
  OffAngle: 25
  ShowGizmos: 1
--- !u!114 &114256549954991700
MonoBehaviour:
  m_ObjectHideFlags: 1
  m_CorrespondingSourceObject: {fileID: 0}
  m_PrefabInternal: {fileID: 100100000}
  m_GameObject: {fileID: 1922835491699962}
  m_Enabled: 1
  m_EditorHideFlags: 0
  m_Script: {fileID: 11500000, guid: 6b77174815b904166ad047382f534c36, type: 3}
  m_Name: 
  m_EditorClassIdentifier: 
  OnActivate:
    m_PersistentCalls:
      m_Calls: []
    m_TypeName: UnityEngine.Events.UnityEvent, UnityEngine.CoreModule, Version=0.0.0.0,
      Culture=neutral, PublicKeyToken=null
  OnDeactivate:
    m_PersistentCalls:
      m_Calls: []
    m_TypeName: UnityEngine.Events.UnityEvent, UnityEngine.CoreModule, Version=0.0.0.0,
      Culture=neutral, PublicKeyToken=null
  Period: 0.1
  HandModel: {fileID: 0}
  FingerName: 1
  PointingType: 1
  PointingDirection: {x: 0, y: 0, z: 1}
  TargetObject: {fileID: 0}
  OnAngle: 15
  OffAngle: 25
  ShowGizmos: 1
--- !u!114 &114369851206990740
MonoBehaviour:
  m_ObjectHideFlags: 1
  m_CorrespondingSourceObject: {fileID: 0}
  m_PrefabInternal: {fileID: 100100000}
  m_GameObject: {fileID: 1922835491699962}
  m_Enabled: 1
  m_EditorHideFlags: 0
  m_Script: {fileID: 11500000, guid: c2474ece6beb54f10ac1437338b3cb89, type: 3}
  m_Name: 
  m_EditorClassIdentifier: 
  OnActivate:
    m_PersistentCalls:
      m_Calls:
      - m_Target: {fileID: 0}
        m_MethodName: useEnergyPotion
        m_Mode: 1
        m_Arguments:
          m_ObjectArgument: {fileID: 0}
          m_ObjectArgumentAssemblyTypeName: UnityEngine.Object, UnityEngine
          m_IntArgument: 0
          m_FloatArgument: 0
          m_StringArgument: 
          m_BoolArgument: 0
        m_CallState: 2
    m_TypeName: UnityEngine.Events.UnityEvent, UnityEngine.CoreModule, Version=0.0.0.0,
      Culture=neutral, PublicKeyToken=null
  OnDeactivate:
    m_PersistentCalls:
      m_Calls: []
    m_TypeName: UnityEngine.Events.UnityEvent, UnityEngine.CoreModule, Version=0.0.0.0,
      Culture=neutral, PublicKeyToken=null
  Detectors:
  - {fileID: 114827975441333376}
  - {fileID: 114256549954991700}
  - {fileID: 114633024576381120}
  AddAllSiblingDetectorsOnAwake: 0
  GateType: 0
  Negate: 0
--- !u!114 &114473759154715078
MonoBehaviour:
  m_ObjectHideFlags: 1
  m_CorrespondingSourceObject: {fileID: 0}
  m_PrefabInternal: {fileID: 100100000}
  m_GameObject: {fileID: 1922835491699962}
  m_Enabled: 1
  m_EditorHideFlags: 0
  m_Script: {fileID: 11500000, guid: c057ae8396c1146c98a146b81dcc5870, type: 3}
  m_Name: 
  m_EditorClassIdentifier: 
  OnActivate:
    m_PersistentCalls:
      m_Calls: []
    m_TypeName: UnityEngine.Events.UnityEvent, UnityEngine.CoreModule, Version=0.0.0.0,
      Culture=neutral, PublicKeyToken=null
  OnDeactivate:
    m_PersistentCalls:
      m_Calls: []
    m_TypeName: UnityEngine.Events.UnityEvent, UnityEngine.CoreModule, Version=0.0.0.0,
      Culture=neutral, PublicKeyToken=null
  Period: 0.1
  HandModel: {fileID: 0}
  PointingType: 0
  PointingDirection: {x: 0, y: -1, z: 0}
  TargetObject: {fileID: 0}
  OnAngle: 45
  OffAngle: 65
  ShowGizmos: 1
--- !u!114 &114488990773904968
MonoBehaviour:
  m_ObjectHideFlags: 1
  m_CorrespondingSourceObject: {fileID: 0}
  m_PrefabInternal: {fileID: 100100000}
  m_GameObject: {fileID: 1922835491699962}
  m_Enabled: 1
  m_EditorHideFlags: 0
  m_Script: {fileID: 11500000, guid: c2474ece6beb54f10ac1437338b3cb89, type: 3}
  m_Name: 
  m_EditorClassIdentifier: 
  OnActivate:
    m_PersistentCalls:
      m_Calls:
      - m_Target: {fileID: 0}
        m_MethodName: useHealthPotion
        m_Mode: 1
        m_Arguments:
          m_ObjectArgument: {fileID: 0}
          m_ObjectArgumentAssemblyTypeName: UnityEngine.Object, UnityEngine
          m_IntArgument: 0
          m_FloatArgument: 0
          m_StringArgument: 
          m_BoolArgument: 0
        m_CallState: 2
    m_TypeName: UnityEngine.Events.UnityEvent, UnityEngine.CoreModule, Version=0.0.0.0,
      Culture=neutral, PublicKeyToken=null
  OnDeactivate:
    m_PersistentCalls:
      m_Calls: []
    m_TypeName: UnityEngine.Events.UnityEvent, UnityEngine.CoreModule, Version=0.0.0.0,
      Culture=neutral, PublicKeyToken=null
  Detectors:
  - {fileID: 114747522829855834}
  - {fileID: 114473759154715078}
  - {fileID: 114138683362102660}
  AddAllSiblingDetectorsOnAwake: 0
  GateType: 0
  Negate: 0
--- !u!114 &114519653337343086
MonoBehaviour:
  m_ObjectHideFlags: 1
  m_CorrespondingSourceObject: {fileID: 0}
  m_PrefabInternal: {fileID: 100100000}
  m_GameObject: {fileID: 1922835491699962}
  m_Enabled: 1
  m_EditorHideFlags: 0
  m_Script: {fileID: 11500000, guid: e98e641d160144e87a3d33fcdb893a02, type: 3}
  m_Name: 
  m_EditorClassIdentifier: 
  OnActivate:
    m_PersistentCalls:
      m_Calls: []
    m_TypeName: UnityEngine.Events.UnityEvent, UnityEngine.CoreModule, Version=0.0.0.0,
      Culture=neutral, PublicKeyToken=null
  OnDeactivate:
    m_PersistentCalls:
      m_Calls: []
    m_TypeName: UnityEngine.Events.UnityEvent, UnityEngine.CoreModule, Version=0.0.0.0,
      Culture=neutral, PublicKeyToken=null
  Period: 0.1
  HandModel: {fileID: 0}
  Thumb: 0
  Index: 0
  Middle: 0
  Ring: 1
  Pinky: 1
  MinimumExtendedCount: 3
  MaximumExtendedCount: 3
  ShowGizmos: 1
--- !u!114 &114607007759658634
MonoBehaviour:
  m_ObjectHideFlags: 1
  m_CorrespondingSourceObject: {fileID: 0}
  m_PrefabInternal: {fileID: 100100000}
  m_GameObject: {fileID: 1922835491699962}
  m_Enabled: 1
  m_EditorHideFlags: 0
  m_Script: {fileID: 11500000, guid: c057ae8396c1146c98a146b81dcc5870, type: 3}
  m_Name: 
  m_EditorClassIdentifier: 
  OnActivate:
    m_PersistentCalls:
      m_Calls: []
    m_TypeName: UnityEngine.Events.UnityEvent, UnityEngine.CoreModule, Version=0.0.0.0,
      Culture=neutral, PublicKeyToken=null
  OnDeactivate:
    m_PersistentCalls:
      m_Calls: []
    m_TypeName: UnityEngine.Events.UnityEvent, UnityEngine.CoreModule, Version=0.0.0.0,
      Culture=neutral, PublicKeyToken=null
  Period: 0.1
  HandModel: {fileID: 0}
  PointingType: 1
  PointingDirection: {x: 0, y: -1, z: 0}
  TargetObject: {fileID: 0}
  OnAngle: 45
  OffAngle: 65
  ShowGizmos: 1
--- !u!114 &114633024576381120
MonoBehaviour:
  m_ObjectHideFlags: 1
  m_CorrespondingSourceObject: {fileID: 0}
  m_PrefabInternal: {fileID: 100100000}
  m_GameObject: {fileID: 1922835491699962}
  m_Enabled: 1
  m_EditorHideFlags: 0
  m_Script: {fileID: 11500000, guid: c057ae8396c1146c98a146b81dcc5870, type: 3}
  m_Name: 
  m_EditorClassIdentifier: 
  OnActivate:
    m_PersistentCalls:
      m_Calls: []
    m_TypeName: UnityEngine.Events.UnityEvent, UnityEngine.CoreModule, Version=0.0.0.0,
      Culture=neutral, PublicKeyToken=null
  OnDeactivate:
    m_PersistentCalls:
      m_Calls: []
    m_TypeName: UnityEngine.Events.UnityEvent, UnityEngine.CoreModule, Version=0.0.0.0,
      Culture=neutral, PublicKeyToken=null
  Period: 0.1
  HandModel: {fileID: 0}
  PointingType: 1
  PointingDirection: {x: 0, y: -1, z: 0}
  TargetObject: {fileID: 0}
  OnAngle: 45
  OffAngle: 65
  ShowGizmos: 1
--- !u!114 &114707748569809716
MonoBehaviour:
  m_ObjectHideFlags: 1
  m_CorrespondingSourceObject: {fileID: 0}
  m_PrefabInternal: {fileID: 100100000}
  m_GameObject: {fileID: 1922835491699962}
  m_Enabled: 1
  m_EditorHideFlags: 0
  m_Script: {fileID: 11500000, guid: 6b77174815b904166ad047382f534c36, type: 3}
  m_Name: 
  m_EditorClassIdentifier: 
  OnActivate:
    m_PersistentCalls:
      m_Calls: []
    m_TypeName: UnityEngine.Events.UnityEvent, UnityEngine.CoreModule, Version=0.0.0.0,
      Culture=neutral, PublicKeyToken=null
  OnDeactivate:
    m_PersistentCalls:
      m_Calls: []
    m_TypeName: UnityEngine.Events.UnityEvent, UnityEngine.CoreModule, Version=0.0.0.0,
      Culture=neutral, PublicKeyToken=null
  Period: 0.1
  HandModel: {fileID: 0}
  FingerName: 1
  PointingType: 1
  PointingDirection: {x: 0, y: 0, z: 1}
  TargetObject: {fileID: 0}
  OnAngle: 15
  OffAngle: 25
  ShowGizmos: 1
--- !u!114 &114747522829855834
MonoBehaviour:
  m_ObjectHideFlags: 1
  m_CorrespondingSourceObject: {fileID: 0}
  m_PrefabInternal: {fileID: 100100000}
  m_GameObject: {fileID: 1922835491699962}
  m_Enabled: 1
  m_EditorHideFlags: 0
  m_Script: {fileID: 11500000, guid: e98e641d160144e87a3d33fcdb893a02, type: 3}
  m_Name: 
  m_EditorClassIdentifier: 
  OnActivate:
    m_PersistentCalls:
      m_Calls: []
    m_TypeName: UnityEngine.Events.UnityEvent, UnityEngine.CoreModule, Version=0.0.0.0,
      Culture=neutral, PublicKeyToken=null
  OnDeactivate:
    m_PersistentCalls:
      m_Calls: []
    m_TypeName: UnityEngine.Events.UnityEvent, UnityEngine.CoreModule, Version=0.0.0.0,
      Culture=neutral, PublicKeyToken=null
  Period: 0.1
  HandModel: {fileID: 0}
  Thumb: 1
  Index: 0
  Middle: 1
  Ring: 1
  Pinky: 1
  MinimumExtendedCount: 1
  MaximumExtendedCount: 1
  ShowGizmos: 1
--- !u!114 &114827975441333376
MonoBehaviour:
  m_ObjectHideFlags: 1
  m_CorrespondingSourceObject: {fileID: 0}
  m_PrefabInternal: {fileID: 100100000}
  m_GameObject: {fileID: 1922835491699962}
  m_Enabled: 1
  m_EditorHideFlags: 0
  m_Script: {fileID: 11500000, guid: e98e641d160144e87a3d33fcdb893a02, type: 3}
  m_Name: 
  m_EditorClassIdentifier: 
  OnActivate:
    m_PersistentCalls:
      m_Calls: []
    m_TypeName: UnityEngine.Events.UnityEvent, UnityEngine.CoreModule, Version=0.0.0.0,
      Culture=neutral, PublicKeyToken=null
  OnDeactivate:
    m_PersistentCalls:
      m_Calls: []
    m_TypeName: UnityEngine.Events.UnityEvent, UnityEngine.CoreModule, Version=0.0.0.0,
      Culture=neutral, PublicKeyToken=null
  Period: 0.1
  HandModel: {fileID: 0}
  Thumb: 1
  Index: 0
  Middle: 0
  Ring: 1
  Pinky: 1
  MinimumExtendedCount: 2
  MaximumExtendedCount: 2
  ShowGizmos: 1
--- !u!114 &114895916506842670
MonoBehaviour:
  m_ObjectHideFlags: 1
  m_CorrespondingSourceObject: {fileID: 0}
  m_PrefabInternal: {fileID: 100100000}
  m_GameObject: {fileID: 1922835491699962}
  m_Enabled: 1
  m_EditorHideFlags: 0
  m_Script: {fileID: 11500000, guid: c2474ece6beb54f10ac1437338b3cb89, type: 3}
  m_Name: 
  m_EditorClassIdentifier: 
  OnActivate:
    m_PersistentCalls:
      m_Calls:
      - m_Target: {fileID: 0}
        m_MethodName: useInvulnerablePotion
        m_Mode: 1
        m_Arguments:
          m_ObjectArgument: {fileID: 0}
          m_ObjectArgumentAssemblyTypeName: UnityEngine.Object, UnityEngine
          m_IntArgument: 0
          m_FloatArgument: 0
          m_StringArgument: 
          m_BoolArgument: 0
        m_CallState: 2
    m_TypeName: UnityEngine.Events.UnityEvent, UnityEngine.CoreModule, Version=0.0.0.0,
      Culture=neutral, PublicKeyToken=null
  OnDeactivate:
    m_PersistentCalls:
      m_Calls: []
    m_TypeName: UnityEngine.Events.UnityEvent, UnityEngine.CoreModule, Version=0.0.0.0,
      Culture=neutral, PublicKeyToken=null
  Detectors:
  - {fileID: 114519653337343086}
  - {fileID: 114707748569809716}
  - {fileID: 114607007759658634}
  AddAllSiblingDetectorsOnAwake: 0
  GateType: 0
  Negate: 0
