%YAML 1.1
%TAG !u! tag:unity3d.com,2011:
--- !u!1001 &100100000
Prefab:
  m_ObjectHideFlags: 1
  serializedVersion: 2
  m_Modification:
    m_TransformParent: {fileID: 0}
    m_Modifications: []
    m_RemovedComponents: []
  m_SourcePrefab: {fileID: 0}
  m_RootGameObject: {fileID: 1598495745522000}
  m_IsPrefabAsset: 1
--- !u!1 &1349185330082222
GameObject:
  m_ObjectHideFlags: 0
  m_CorrespondingSourceObject: {fileID: 0}
  m_PrefabInternal: {fileID: 100100000}
  serializedVersion: 6
  m_Component:
  - component: {fileID: 4191101598065530}
  - component: {fileID: 33084989569559654}
  - component: {fileID: 23950631957409154}
  - component: {fileID: 114488005082593612}
  m_Layer: 0
  m_Name: PortalAnim
  m_TagString: Untagged
  m_Icon: {fileID: 0}
  m_NavMeshLayer: 0
  m_StaticEditorFlags: 0
  m_IsActive: 1
--- !u!1 &1598495745522000
GameObject:
  m_ObjectHideFlags: 0
  m_CorrespondingSourceObject: {fileID: 0}
  m_PrefabInternal: {fileID: 100100000}
  serializedVersion: 6
  m_Component:
  - component: {fileID: 4573643761039768}
  - component: {fileID: 65690679795700200}
  - component: {fileID: 114144980807824668}
  m_Layer: 0
  m_Name: Portal
  m_TagString: Untagged
  m_Icon: {fileID: 0}
  m_NavMeshLayer: 0
  m_StaticEditorFlags: 0
  m_IsActive: 1
--- !u!1 &1841490844753270
GameObject:
  m_ObjectHideFlags: 0
  m_CorrespondingSourceObject: {fileID: 0}
  m_PrefabInternal: {fileID: 100100000}
  serializedVersion: 6
  m_Component:
  - component: {fileID: 4771879052351602}
  - component: {fileID: 33944113215801708}
  - component: {fileID: 23901434054604402}
  m_Layer: 0
  m_Name: portel_Plane.005
  m_TagString: Untagged
  m_Icon: {fileID: 0}
  m_NavMeshLayer: 0
  m_StaticEditorFlags: 0
  m_IsActive: 1
--- !u!4 &4191101598065530
Transform:
  m_ObjectHideFlags: 1
  m_CorrespondingSourceObject: {fileID: 0}
  m_PrefabInternal: {fileID: 100100000}
  m_GameObject: {fileID: 1349185330082222}
  m_LocalRotation: {x: 0, y: 0.7071068, z: 0, w: 0.7071068}
  m_LocalPosition: {x: 0, y: 0, z: 0}
  m_LocalScale: {x: 0.00001, y: 9, z: 9}
  m_Children: []
  m_Father: {fileID: 4573643761039768}
  m_RootOrder: 1
  m_LocalEulerAnglesHint: {x: 0, y: 90, z: 0}
--- !u!4 &4573643761039768
Transform:
  m_ObjectHideFlags: 1
  m_CorrespondingSourceObject: {fileID: 0}
  m_PrefabInternal: {fileID: 100100000}
  m_GameObject: {fileID: 1598495745522000}
  m_LocalRotation: {x: 0, y: 0, z: 0, w: 1}
  m_LocalPosition: {x: -7.129792, y: 0.18183863, z: -32.984703}
  m_LocalScale: {x: 1, y: 1, z: 1}
  m_Children:
  - {fileID: 4771879052351602}
  - {fileID: 4191101598065530}
  m_Father: {fileID: 0}
  m_RootOrder: 0
  m_LocalEulerAnglesHint: {x: 0, y: 0, z: 0}
--- !u!4 &4771879052351602
Transform:
  m_ObjectHideFlags: 1
  m_CorrespondingSourceObject: {fileID: 0}
  m_PrefabInternal: {fileID: 100100000}
  m_GameObject: {fileID: 1841490844753270}
  m_LocalRotation: {x: 0.000000081460335, y: 0, z: -0, w: 1}
  m_LocalPosition: {x: -0, y: -7, z: 0}
  m_LocalScale: {x: 100, y: 100, z: 100}
  m_Children: []
  m_Father: {fileID: 4573643761039768}
  m_RootOrder: 0
  m_LocalEulerAnglesHint: {x: 0, y: 0, z: 0}
--- !u!23 &23901434054604402
MeshRenderer:
  m_ObjectHideFlags: 1
  m_CorrespondingSourceObject: {fileID: 0}
  m_PrefabInternal: {fileID: 100100000}
  m_GameObject: {fileID: 1841490844753270}
  m_Enabled: 1
  m_CastShadows: 1
  m_ReceiveShadows: 1
  m_DynamicOccludee: 1
  m_MotionVectors: 1
  m_LightProbeUsage: 1
  m_ReflectionProbeUsage: 1
  m_RenderingLayerMask: 4294967295
  m_Materials:
  - {fileID: 2100000, guid: ad51439b337217e4986e338a13cae0d5, type: 3}
  - {fileID: 2100002, guid: ad51439b337217e4986e338a13cae0d5, type: 3}
  - {fileID: 2100004, guid: ad51439b337217e4986e338a13cae0d5, type: 3}
  m_StaticBatchInfo:
    firstSubMesh: 0
    subMeshCount: 0
  m_StaticBatchRoot: {fileID: 0}
  m_ProbeAnchor: {fileID: 0}
  m_LightProbeVolumeOverride: {fileID: 0}
  m_ScaleInLightmap: 1
  m_PreserveUVs: 0
  m_IgnoreNormalsForChartDetection: 0
  m_ImportantGI: 0
  m_StitchLightmapSeams: 0
  m_SelectedEditorRenderState: 3
  m_MinimumChartSize: 4
  m_AutoUVMaxDistance: 0.5
  m_AutoUVMaxAngle: 89
  m_LightmapParameters: {fileID: 0}
  m_SortingLayerID: 0
  m_SortingLayer: 0
  m_SortingOrder: 0
--- !u!23 &23950631957409154
MeshRenderer:
  m_ObjectHideFlags: 1
  m_CorrespondingSourceObject: {fileID: 0}
  m_PrefabInternal: {fileID: 100100000}
  m_GameObject: {fileID: 1349185330082222}
  m_Enabled: 1
  m_CastShadows: 1
  m_ReceiveShadows: 1
  m_DynamicOccludee: 1
  m_MotionVectors: 1
  m_LightProbeUsage: 1
  m_ReflectionProbeUsage: 1
  m_RenderingLayerMask: 4294967295
  m_Materials:
  - {fileID: 2100000, guid: b1198435148b31041befb394fe10df55, type: 2}
  m_StaticBatchInfo:
    firstSubMesh: 0
    subMeshCount: 0
  m_StaticBatchRoot: {fileID: 0}
  m_ProbeAnchor: {fileID: 0}
  m_LightProbeVolumeOverride: {fileID: 0}
  m_ScaleInLightmap: 1
  m_PreserveUVs: 0
  m_IgnoreNormalsForChartDetection: 0
  m_ImportantGI: 0
  m_StitchLightmapSeams: 0
  m_SelectedEditorRenderState: 3
  m_MinimumChartSize: 4
  m_AutoUVMaxDistance: 0.5
  m_AutoUVMaxAngle: 89
  m_LightmapParameters: {fileID: 0}
  m_SortingLayerID: 0
  m_SortingLayer: 0
  m_SortingOrder: 0
--- !u!33 &33084989569559654
MeshFilter:
  m_ObjectHideFlags: 1
  m_CorrespondingSourceObject: {fileID: 0}
  m_PrefabInternal: {fileID: 100100000}
  m_GameObject: {fileID: 1349185330082222}
  m_Mesh: {fileID: 10207, guid: 0000000000000000e000000000000000, type: 0}
--- !u!33 &33944113215801708
MeshFilter:
  m_ObjectHideFlags: 1
  m_CorrespondingSourceObject: {fileID: 0}
  m_PrefabInternal: {fileID: 100100000}
  m_GameObject: {fileID: 1841490844753270}
  m_Mesh: {fileID: 4300000, guid: ad51439b337217e4986e338a13cae0d5, type: 3}
--- !u!65 &65690679795700200
BoxCollider:
  m_ObjectHideFlags: 1
  m_CorrespondingSourceObject: {fileID: 0}
  m_PrefabInternal: {fileID: 100100000}
  m_GameObject: {fileID: 1598495745522000}
  m_Material: {fileID: 0}
  m_IsTrigger: 1
  m_Enabled: 1
  serializedVersion: 2
  m_Size: {x: 6.5174127, y: 0.7990036, z: 0.87312365}
  m_Center: {x: 0, y: 0, z: 0}
--- !u!114 &114144980807824668
MonoBehaviour:
  m_ObjectHideFlags: 1
  m_CorrespondingSourceObject: {fileID: 0}
  m_PrefabInternal: {fileID: 100100000}
  m_GameObject: {fileID: 1598495745522000}
  m_Enabled: 1
  m_EditorHideFlags: 0
  m_Script: {fileID: 11500000, guid: 8e5426352ead6994db7b022b3bb877cc, type: 3}
  m_Name: 
  m_EditorClassIdentifier: 
--- !u!114 &114488005082593612
MonoBehaviour:
  m_ObjectHideFlags: 1
  m_CorrespondingSourceObject: {fileID: 0}
  m_PrefabInternal: {fileID: 100100000}
  m_GameObject: {fileID: 1349185330082222}
  m_Enabled: 1
  m_EditorHideFlags: 0
  m_Script: {fileID: 11500000, guid: d313e02cbf3b1b1479578ff2287859b6, type: 3}
  m_Name: 
  m_EditorClassIdentifier: 
  frame:
  - {fileID: 2800000, guid: e9a07a752e5852f44b3f4a5b7d4aa744, type: 3}
  - {fileID: 2800000, guid: eb7bcd6bb5c71e74d9f7e93148220d6f, type: 3}
  - {fileID: 2800000, guid: 0100cde22a6f68245ba84f2dfd676f10, type: 3}
  - {fileID: 2800000, guid: 2ca175bfde7c83840b9bd8e5986614c9, type: 3}
  - {fileID: 2800000, guid: 67e77aec82c95fb46bc001767d045bf3, type: 3}
  - {fileID: 2800000, guid: 429f09a9e0a877241a5b1cc5a9813c98, type: 3}
  - {fileID: 2800000, guid: 7c732da6375676246be02c194162d7a7, type: 3}
  - {fileID: 2800000, guid: 9163c35e4a685724490c1b874ddb4452, type: 3}
  - {fileID: 2800000, guid: 63f5b9c3a0ee7a64787ba7e18bda847d, type: 3}
  - {fileID: 2800000, guid: c447a924814555649bcadb6dc0fbe77d, type: 3}
  - {fileID: 2800000, guid: 2e82f0e34ce1ff843abe44f588c0e288, type: 3}
  - {fileID: 2800000, guid: d3a7bf672b84401488b00101c6c7436d, type: 3}
  - {fileID: 2800000, guid: 84094adcc33b67541b85dc78116ac30e, type: 3}
  - {fileID: 2800000, guid: e401196e5a32c0d4297e3ef5a036d7e4, type: 3}
  - {fileID: 2800000, guid: 804d866dbbc7f68418b654b48dcb4ca2, type: 3}
  - {fileID: 2800000, guid: 551eb849abf62794b821a429907fc048, type: 3}
  - {fileID: 2800000, guid: c5c1d37558170ec498aff803a318f476, type: 3}
  - {fileID: 2800000, guid: 2e8c01f3588794847b8deb9b3dea0676, type: 3}
  - {fileID: 2800000, guid: 6d174d62bfd307c44bb83f45db20714f, type: 3}
  - {fileID: 2800000, guid: 3645c10f7fbd8604d9592841e8a02917, type: 3}
